4125 6109
829 466 1128 529 incursionum.
1714 483 1766 537 153

182 597 352 677 ὑποσχέσεις,
364 595 422 655 οὔτε
435 596 470 654 δι’
485 594 564 675 ὀργήν
576 618 633 654 τινα
647 594 810 677 παροξυνθείς
824 595 893 654 κατὰ
904 598 956 654 τῶν
997 605 1268 667 ‘ilremistoclamneqne
1278 606 1312 656 ira
1323 606 1507 660 adversuscires
1517 610 1546 659 ad
1560 610 1584 659 ld
1593 611 1682 661 bellum
1697 614 1774 674 potuit

182 687 296 744 πολιτῶν
308 683 366 743 ούτε
378 683 498 763 έπαρθεῖς
509 687 573 760 τιμῇ
585 682 700 760 τοσαύτῃ
714 682 760 741 καὶ
772 682 880 760 δυνάμει
890 681 954 763 πρθς
997 692 1138 753 accendere,
1150 704 1228 755 neque
1240 694 1321 747 lanius
1330 694 1406 745 honor
1417 698 1441 745 et
1453 698 1557 760 patentia
1567 696 1598 746 ad
1611 698 1633 747 id
1644 712 1769 761 capessen-

182 771 225 830 τὸν
235 773 362 847 πολεμον,
377 771 437 828 ἀλλ’
455 768 517 835 ίσως
529 767 578 845 μέν
595 772 642 827 οὐκ
656 769 758 849 ἐφικτὸν
769 769 908 847 ἡγούμενος
925 769 955 829 τὸ
998 778 1057 828 dom
1069 778 1189 842 impellere
1201 800 1206 829 :
1218 780 1259 829 sed
1272 780 1370 831 tortasse
1381 781 1404 831 id
1414 782 1497 832 conlici
1508 797 1522 833 a
1534 798 1560 835 se
1572 798 1641 847 posse
1650 784 1774 847 dillidens,

182 858 270 938 ἔργον,
281 858 367 923 άλλως
375 879 404 914 τε
414 855 541 933 μεγάλους
551 861 597 927 τῆς
611 854 739 923 Ἑλλάδος
749 855 859 935 ἐχούσης
871 880 950 937 στρα-
998 867 1129 929 presertim
1140 880 1195 915 cum
1212 866 1252 916 illo
1266 871 1371 931 tempore
1382 870 1507 932 praeclaros
1519 872 1611 922 Gracia
1621 872 1717 923 haberet
1731 873 1776 921 du·

131 944 276 1021 Ιῖθτηγοθς
295 944 354 1002 τότε
368 943 413 1001 καὶ
434 942 554 1019 Κίμωνος
575 945 708 1021 ὑπερφυῶς
723 944 906 1022 εὐημεροῦντος
929 944 955 999 έν
970 961 1053 1013 aces,
1070 958 1094 1003 et
1111 954 1205 1005 cimoni
1220 966 1291 1018 supra
1312 956 1409 1005 modurn
1430 970 1541 1021 prospere
1558 972 1595 1009 res
1609 959 1774 1024 succederent,

181 1032 234 1097 τοῖς
244 1030 416 1102 Ἑλληνικοῖς,
427 1031 457 1087 τὸ
470 1027 498 1087 δέ
509 1031 629 1087 πλεῖστον
641 1030 711 1087 αἰδοῖ
721 1032 767 1099 τῆς
779 1051 808 1086 τε
820 1026 893 1098 δόξης
904 1032 955 1088 τῶν
1000 1041 1103 1090 maxime
1111 1053 1168 1090 vero
1179 1042 1321 1091 verecundia
1332 1042 1413 1105 gloriae
1423 1056 1501 1093 rerum
1516 1057 1568 1095 ese
1581 1051 1700 1107 gestorum
1712 1060 1775 1097 corn·

181 1118 299 1198 πράξεων
320 1121 412 1176 ἑαυτοῦ
435 1115 480 1175 καί
503 1120 554 1175 τῶν
574 1116 705 1195 τροπαίων
734 1114 837 1174 ἐκείνων
863 1114 956 1195 άριστα
999 1132 1082 1176 molus
1100 1130 1291 1191 tropaeorumque
1315 1142 1429 1189 sucrum,
1443 1131 1573 1181 rectissime
1585 1132 1680 1193 quidem
1692 1135 1776 1183 statuit

184 1204 389 1285 βουλευσάμενος
398 1206 523 1261 ἐπιθεῖναι
533 1207 571 1283 τῷ
589 1201 638 1280 βίῳ
648 1202 696 1273 τὴν
708 1201 831 1272 τελευτὴν
843 1202 956 1281 πρέπου-
1001 1214 1058 1262 ritae
1067 1226 1118 1263 suec
1126 1214 1305 1265 convenientem
1318 1216 1388 1265 linem
1398 1216 1527 1278 imponere.
1560 1220 1642 1281 ltaque
1650 1232 1705 1269 cum
1717 1219 1776 1269 deos

182 1315 231 1350 σαν
249 1291 324 1350 ἔθυσε
346 1294 399 1357 τοῖς
414 1294 479 1355 θεοῖς
498 1288 544 1347 καλ
560 1288 618 1354 τοῖος
635 1288 723 1369 φίλους
736 1287 889 1366 συναγαγὼν
910 1288 955 1346 καί
1002 1298 1345 1363 ισστίθσίἱονεοσισιυεσεεεῑ,
1356 1303 1511 1353 conductisin
1521 1318 1596 1354 unum
1606 1306 1684 1355 locum
1694 1306 1776 1357 amicis

144 1395 171 1433 rc
183 1377 384 1454 δεξιωσάμενος,
398 1379 433 1442 ὡς
454 1374 501 1452 μὲν
521 1378 535 1432 ὁ
555 1373 634 1441 πολύς
650 1375 736 1453 λόγος,
756 1366 823 1450 αἷμα
837 1372 955 1454 ταύρειον
1001 1386 1050 1435 suis
1064 1386 1140 1449 iisque
1152 1387 1318 1448 mnsalutatis,
1331 1389 1425 1450 hausto,
1435 1396 1462 1439 ut
1477 1390 1556 1441 omnia
1570 1390 1615 1441 lert
1627 1391 1703 1453 lama,
1714 1393 1776 1441 tauri

182 1463 259 1534 πιὼν,
273 1468 307 1531 ὡς
321 1466 343 1522 δ’
359 1462 434 1534 ένιοι,
448 1462 585 1542 φάρμακον
607 1462 733 1541 ἐφήμερον
747 1460 955 1540 προσενεγκάμε·
1003 1474 1188 1535 sanguine,eul,
1199 1479 1224 1522 ul
1233 1474 1271 1523 alii
1282 1475 1419 1537 perhibent,
1431 1481 1592 1539 praesentaneo
1602 1491 1777 1539 veneno,mor·

183 1576 236 1623 νος,
247 1554 274 1609 έν
289 1550 430 1629 Μαγνησίᾳ
439 1548 598 1629 κατέστρεψε
608 1549 685 1606 πέντε
695 1549 757 1629 πρὸς
767 1553 820 1615 τοῖς
832 1548 955 1619 ἑξήκοντα
999 1561 1048 1608 tem
1056 1559 1116 1609 obiit
1124 1561 1262 1622 Magnesiae,
1271 1574 1326 1610 cum
1334 1562 1433 1613 vixisset
1443 1577 1520 1613 annos
1529 1564 1650 1627 sexaginta
1659 1566 1775 1629 quinque,

186 1636 317 1719 βεύίωκθις
330 1638 375 1709 ἔτη
387 1637 433 1696 κοιλ
446 1635 478 1694 τθ
486 1639 597 1695 πλεῖστα
609 1634 705 1693 τούτων
716 1639 742 1694 ἐν
756 1636 897 1702 πολιτείαις
910 1636 955 1695 καλ
999 1659 1130 1709 eorumque
1149 1647 1262 1708 maiorem
1275 1654 1364 1711 perlem
1380 1650 1404 1699 in
1416 1650 1619 1701 administratione
1630 1653 1733 1701 civitatis
1747 1665 1775 1701 ac

183 1722 340 1803 ἡγεμονίαις.
383 1725 414 1800 (ο)
434 1721 491 1794 Τὴν
510 1724 533 1779 δ’
553 1721 638 1779 αἰτίαν
656 1728 701 1780 τοῦ
720 1722 893 1782 θανάτουκαὶ
912 1722 955 1780 τὸν
999 1732 1034 1782 rei
1046 1732 1137 1782 bellicae
1148 1735 1272 1795 exegisset.
1319 1735 1352 1797 (ο)
1364 1738 1483 1786 Memoriae
1501 1738 1618 1799 proditum
1628 1743 1773 1801 esl,regcm

142 1828 167 1868 ta
182 1812 276 1893 τρόπον
296 1810 439 1887 πυθόμενον
454 1808 564 1888 βασιλέα
582 1807 699 1887 λέγουσιν
713 1808 751 1867 ἔτι
770 1812 870 1887 μᾶλλον
890 1814 956 1867 θαυ-
999 1819 1081 1868 andita
1090 1821 1366 1883 morlecausequecjus,
1378 1824 1531 1883 maglsetiam
1542 1824 1619 1872 virum
1629 1825 1773 1875 admiratum

183 1898 266 1974 μάστι
288 1896 331 1955 τὸν
350 1897 432 1975 ἄνδρα
453 1896 499 1954 καὶ
517 1904 571 1962 τοῖς
589 1895 671 1975 φθιοις
692 1898 770 1955 αὐτοῦ
790 1895 835 1955 καί
855 1896 956 1962 οἰκείοις
999 1904 1318 1968 inisse'amicosqueejmet
1331 1908 1476 1958 necessarios
1487 1910 1603 1959 constanti
1619 1912 1644 1961 ei
1661 1917 1773 1975 perpetua

181 1983 315 2064 χρώμενον
328 1984 454 2042 διατελεῖν
465 1982 660 2061 φιλανθρώπως,
998 1991 1148 2041 humanitate
1158 1996 1310 2054 prosecutum
1323 2007 1383 2045 esse.
1601 2030 1604 2035 -

221 2072 343 2131 XXXII.
365 2069 487 2129 Ἀπέλιπε
499 2066 528 2127 δὲ
549 2071 731 2146 Θεμιστοκλῆς
750 2071 845 2136 παῖδας
862 2071 893 2128 έκ
906 2068 985 2146 μένθ)
1029 2077 1776 2147 ΧΧΧΙΙ.Βε1ὶηυίθΤθσωίοιοσ1οιΙίθεεοεεεΑτσθίρρο,ινοσο·

184 2157 329 2236 Ἀρχίππης
339 2161 386 2227 τῆς
399 2155 551 2236 Λυσάνδρου
564 2161 610 2214 τοῦ
623 2156 800 2225 Ἀλωπεκῆθεν
814 2155 955 2236 Ἀρχέπτο-
998 2162 1036 2212 dri
1053 2164 1205 2226 Alopeceusis
1220 2164 1280 2226 iilia,
1297 2167 1465 2231 Archeplolln,
1484 2170 1651 2231 polyeuctum,
1668 2174 1691 2219 et
1704 2172 1773 2221 Cleo·

138 2263 171 2303 aa
183 2245 224 2302 λιν
241 2245 286 2302 καὶ
305 2242 469 2304 Πολύευκτον
484 2242 529 2300 καί
544 2241 721 2323 Κλεόφαντον·
736 2234 767 2300 ού
782 2242 827 2301 καλ
841 2242 955 2302 Πλάτων
999 2251 1114 2312 phantom
1124 2269 1130 2301 ε
1139 2252 1207 2313 cujus
1216 2256 1329 2315 unquam
1336 2254 1677 2319 equitisoplimi,clioquiund
1687 2257 1775 2307 nullam

183 2328 624 2412 θφιλάσοφοςθιςὶππέωςάρίστου,
640 2330 724 2388 τάλλα
739 2332 762 2389 θ’
775 2330 955 2397 οθδενδςάξίου
998 2348 1049 2384 rem
1067 2336 1145 2398 utilis,
1166 2337 1235 2387 Plato
1254 2338 1411 2403 philosophus
1427 2342 1573 2392 mentionem
1593 2343 1655 2391 iecit.
1690 2344 1722 2405 (2)
1741 2348 1776 2393 lte

183 2418 320 2495 φονομένοο
346 2417 509 2496 μνημονιύει,
566 2419 597 2493 (ο)
624 2420 686 2477 Τῶν
715 2416 742 2476 δὲ
768 2417 955 2498 προοίμιάςοιν
1001 2419 1113 2468 maximis
1128 2423 1185 2470 nolu
1201 2425 1253 2483 elus
1264 2421 1358 2484 liberis,
1371 2424 1469 2474 Neocles
1482 2440 1541 2488 puer
1552 2428 1632 2477 adhuc
1642 2441 1734 2479 morsus
1745 2432 1776 2479 ah

184 2507 301 2577 Νεοκλῆς
314 2504 362 2583 μὲν
375 2504 413 2563 ἔτι
426 2505 488 2570 παῖς
501 2501 537 2561 ὢν
551 2508 593 2585 ὑφ’
607 2504 688 2563 ἵππου
704 2506 808 2585 δηχθείς
827 2503 955 2582 ἀπέθανε,
1000 2518 1063 2566 equo
1074 2506 1157 2569 periit;
1170 2508 1276 2557 Dioclem
1292 2510 1412 2571 Lysander
1424 2525 1484 2561 urus
1497 2513 1626 2576 adoptavit.
1658 2516 1691 2579 (a)
1705 2517 1776 2566 Filias

184 2592 296 2653 Διοκλέα
321 2592 348 2650 δὲ
375 2587 524 2670 Λύσανδρος
548 2596 562 2649 θ
584 2590 691 2658 πάππος
718 2593 773 2649 υἱὸν
802 2591 954 2661 ἐποιήσατο,
1000 2591 1084 2641 hahuit
1104 2594 1252 2655 complures,
1270 2608 1373 2657 quarum
1391 2598 1595 2661 Mnesiptolemam
1617 2614 1630 2651 c
1653 2603 1776 2664 posteriori

144 2701 170 2741 οι
186 2681 218 2755 (a)
238 2676 391 2757 Θνγατέρας
408 2675 435 2734 δὲ
452 2676 555 2742 πλείους
576 2675 663 2755 ἔσχεν,
681 2668 717 2735 ὧν
732 2676 956 2754 Μνησιπτολέμαν
1001 2691 1074 2729 uxore
1086 2683 1164 2729 nomm
1176 2682 1324 2744 Archeplolis
1334 2683 1404 2732 irater
1416 2686 1481 2747 elus,
1494 2687 1534 2735 sed
1547 2692 1623 2737 melre
1636 2688 1680 2737 alia
1690 2693 1775 2751 natus,

186 2768 234 2841 μέν
254 2767 284 2823 έκ
301 2769 348 2835 τῖις
369 2762 574 2841 ἐπιγαμηθείσης
595 2764 734 2841 γενομένην
754 2763 921 2844 Ἀρχέπτολις
942 2766 957 2821 θ
1000 2779 1100 2815 uxorem
1112 2766 1295 2828 drult,llaliem
1305 2770 1448 2821 Panthoides
1457 2772 1543 2833 chius,
1556 2774 1655 2835 Sybarin
1666 2776 1776 2827 Nicome-

186 2851 293 2933 ἅδςλςὸς
306 2854 353 2910 οὖν
363 2847 399 2908 ὢν
412 2849 569 2929 ομομήςριος
586 2848 691 2927 ἔρημον,
708 2850 824 2911 Ἰταλίαν
843 2849 871 2909 δὲ
882 2853 957 2911 Πον.
1001 2852 1044 2902 des
1055 2853 1220 2915 Atheniensis,
1232 2855 1400 2907 Nicomaclumr
1414 2859 1544 2909 Phresicles
1559 2860 1637 2911 fratris
1646 2861 1776 2913 Themisto·

185 2940 269 3011 θοθδης
281 2943 295 2997 ὁ
308 2942 386 3008 Χῖος,
406 2934 522 3016 Σύὸαριν
537 2936 564 2994 δὲ
577 2938 729 3015 Νικομήδης
740 2938 883 3009 Ἀθηναῖος·
897 2941 956 2999 Νι-
999 2939 1044 2989 ciis
1052 2938 1124 3002 tilius,
1132 2954 1204 3003 quiam
1217 2946 1312 2991 mortuo
1319 2942 1368 3002 jam
1379 2957 1408 2993 eo
1418 2946 1563 3007 Μεμνονίοισι
1573 2948 1627 2996 nari
1636 2949 1776 3010 proiectusn

184 3029 305 3108 κομάγην
324 3026 351 3085 δὲ
372 3026 527 3105 Φρασικλῆς
547 3028 562 3082 θ
583 3026 732 3106 ἀδελφιδοῦς
749 3024 956 3103 Θεμιστοκλέους
969 3026 1777 3093 cimlrihusejusinruetrimoniumaccepil,elminimamnatuinler
1805 3066 1806 3069 =

144 3138 172 3177 ao
185 3116 236 3188 ἤδη
258 3111 468 3183 τετελευτηκότος
487 3110 585 3171 ἐκείνου
605 3110 721 3178 πλεύσας
742 3114 778 3180 eie
801 3111 956 3189 Μαγνησίαν
999 3126 1082 3163 omnes
1092 3113 1169 3175 penui
1180 3114 1267 3164 llberos
1277 3116 1356 3165 Asiam
1367 3116 1486 3167 educavit·
1520 3121 1704 3183 (msepulcrum
1717 3124 1776 3173 The·

185 3200 265 3261 ἔλαθε
280 3198 353 3280 παρθ
369 3203 420 3257 τῶν
441 3199 569 3278 ἀδελφῶν,
591 3198 723 3270 νεωτάτην
743 3198 770 3257 tl
787 3199 891 3257 πάντων
906 3201 957 3257 τῶν
1002 3199 1118 3249 mistoolis
1127 3199 1278 3263 splendidum
1290 3204 1417 3264 Magnesia
1429 3204 1453 3253 in
1465 3205 1514 3254 toro
1525 3209 1616 3269 exstat3
1626 3208 1656 3257 de
1670 3208 1776 3272 reliquiis

184 3289 280 3348 τέκνων
303 3286 390 3347 Ἀσίαν
416 3286 516 3366 ἔθρεψε.
564 3286 599 3366 (l)
627 3287 681 3347 liet
704 3286 786 3365 τάφον
809 3284 856 3363 μὲν
879 3288 957 3343 αὐτοῦ
1000 3288 1053 3349 eius
1068 3286 1126 3337 fides
1141 3287 1271 3338 Andocides
1285 3289 1392 3340 nuceum
1406 3303 1455 3340 non
1466 3293 1570 3355 est,qui
1582 3294 1608 3341 in
1622 3298 1730 3345 oratione
1739 3298 1775 3346 Ad

184 3374 305 3455 λαμπρὸν
319 3378 345 3434 ἐν
356 3378 390 3453 τῇ
406 3379 489 3454 ἀγορᾷ
508 3372 648 3452 Μάγνητες
666 3373 773 3453 έχουσι·
789 3374 850 3452 περὶ
863 3372 891 3431 di
906 3374 958 3429 τῶν
1001 3374 1078 3423 νοτίου
1093 3373 1189 3434 scribit,
1202 3376 1358 3425 Athenienses
1367 3389 1408 3426 eas
1425 3377 1489 3427 iurto
1499 3384 1619 3443 surreptas
1634 3381 1774 3443 disiecisse:

185 3462 313 3543 λειψάνων
332 3461 386 3520 οὔτ’
405 3459 537 3538 Ἀνδοκίδῃ
559 3460 697 3540 προσέχειν
710 3459 780 3528 ἄξιον
797 3464 823 3520 ἐν
837 3463 875 3538 τῷ
888 3458 959 3539 Πρὸς
1001 3460 1715 3530 mentituraulemstudioecs,quipenespaucosimperium
1725 3483 1777 3520 esse

142 3572 171 3611 aa
184 3550 242 3617 τοὺς
253 3549 367 3629 ἑταίρους
378 3546 491 3625 λέγοντι,
507 3547 677 3628 φωράσαντας
690 3546 724 3606 τθι
734 3547 844 3627 λείψανα
856 3549 957 3627 διαψρῖ-
1000 3547 1235 3609 velunt,adrersum
1244 3550 1359 3613 populum
1368 3551 1510 3602 concitandi.
1543 3554 1776 3619 llePhylarchoqui·

184 3641 233 3717 ψαι
246 3636 304 3702 τοὺς
321 3634 468 3708 Ἀθηναίους
482 3636 491 3713 (
502 3633 625 3714 ψεύδεται
635 3634 686 3714 γὰρ
705 3633 748 3694 tol
758 3633 801 3693 τδν
816 3636 897 3711 δῆμον
910 3657 959 3692 τισ-
1000 3634 1056 3684 dem
1064 3635 1217 3697 credendum,
1227 3636 1277 3699 qui,
1288 3641 1313 3686 ut
1321 3636 1345 3685 in
1356 3637 1479 3699 magnienia,
1489 3637 1512 3686 in
1522 3637 1619 3689 historia
1625 3642 1718 3690 mutum
1728 3654 1776 3690 non

186 3722 294 3803 ροξύνοιν
307 3721 365 3789 τοὺς
378 3720 591 3799 ὀλιγαρχικούς),
606 3720 661 3779 θοι
677 3719 820 3801 Φύλαρχος
830 3721 919 3799 ὥσπερ
931 3722 958 3778 ἐν
1002 3722 1139 3771 machinam
1160 3722 1273 3773 attollens
1293 3723 1474 3788 producensque
1491 3726 1600 3775 Neoclem
1616 3726 1734 3789 quendam
1753 3732 1777 3777 el

184 3810 316 3889 τραγῳδίᾳ
330 3807 474 3887 τῇίστυρίφι
489 3807 595 3884 μονονοὺ
610 3808 732 3887 μηχανὴν
747 3808 864 3887 άραςκαλ
877 3830 957 3887 προσ·
969 3796 991 3861 d
1003 3810 1143 3872 Demopolin
1157 3810 1217 3859 filios
1227 3810 1405 3872 Themistoclis,
1424 3811 1483 3861 dum
1495 3812 1548 3865 nult
1563 3812 1642 3862 luctus
1657 3814 1776 3864 concitare

185 3895 273 3973 γαγὼν
292 3894 409 3956 Νεοκλέα
428 3893 548 3952 τινὰκαὶ
568 3894 718 3971 Δημόπολιν
738 3894 808 3963 υἱοὺς
826 3897 959 3973 Θεμιστο-
1002 3898 1027 3945 ct
1038 3896 1227 3957 miserationem,
1239 3897 1356 3960 eahngil,
1368 3911 1423 3961 qne
1433 3898 1487 3947 licta
1498 3911 1550 3947 esse
1562 3900 1641 3962 quiris
1651 3901 1776 3949 strumin-

144 4001 173 4041 ιιι
186 3980 287 4055 κλέους,
301 3984 390 4060 ιἰγῶνα
406 3978 526 4060 βούλεται
543 3987 621 4039 κινεῖν
635 3982 681 4040 καὶ
695 3981 788 4055 πάθος,
806 3980 820 4039 θ
834 3981 886 4040 οὐδ’
902 3980 958 4038 θινθ
1001 3982 1099 4045 tclligal.
1132 3984 1165 4046 (5)
1178 3984 1296 4034 Diodorus
1308 3985 1439 4047 Perlegeles
1450 3986 1473 4034 in
1487 3998 1558 4048 opere
1569 3986 1599 4035 de
1613 3990 1775 4037 monumentis

186 4066 273 4147 τυχὼν
292 4065 439 4142 ἀγνοήσειεν
455 4065 494 4123 ὅτι
508 4066 666 4125 πέπλασται.
709 4067 740 4147 (ο)
760 4066 888 4146 Διόδωρος
907 4066 959 4125 δ’ὁ
1002 4069 1139 4130 scribit,ila
1148 4070 1399 4131 tumennlconJectari
1414 4072 1539 4133 eamagis,
1556 4085 1628 4145 quem
1640 4074 1776 4122 certoscire

187 4153 345 4234 πῑρῑηῖηῒθς
365 4155 391 4210 ἐν
406 4161 458 4219 τοῖς
479 4152 546 4232 Περὶ
563 4157 615 4211 τῶν
635 4154 778 4230 μνημάτων
795 4154 905 4233 εἴρηκεν,
924 4156 959 4219 ὡς
1002 4154 1775 4221 videatur,juxtaportuml’iraeei,apromontorio,quodestp0ne

187 4244 303 4299 ὑπονοῶν
320 4241 419 4317 μᾶλλον
431 4238 448 4311 ἢ
462 4239 603 4317 γινώσκων,
617 4240 656 4299 ὅτι
675 4241 735 4321 περὶ
749 4242 791 4299 τὸν
807 4241 899 4317 λιμένα
912 4246 958 4298 σοῦ
1001 4242 1129 4304 Alcimum,
1139 4242 1224 4305 porrigi
1232 4242 1349 4306 quendem
1359 4243 1432 4292 veluti
1440 4243 1556 4303 cubitum,
1565 4244 1695 4293 secundum
1703 4258 1775 4307 quem

189 4331 318 4405 Πειραιῶς
330 4326 384 4385 ἀπὸ
392 4332 437 4385 τοῦ
446 4326 514 4384 κατὰ
525 4327 569 4386 τὸν
581 4325 706 4404 Ἄλκιμον
722 4326 883 4406 ἀκρωτηρίου
894 4325 956 4405 πρό.
1001 4328 1022 4377 si
1034 4329 1096 4377 intro
1106 4328 1183 4379 flectat
1192 4330 1362 4393 quiscursum,
1374 4330 1482 4392 quoloco
1489 4343 1553 4380 mara
1563 4332 1611 4382 iere
1622 4332 1775 4393 tranquillum

145 4428 175 4466 ιε
187 4414 270 4472 κειταί
283 4436 321 4478 τις
332 4404 384 4471 οἷον
399 4411 498 4490 ἀγκὼν,
510 4412 555 4471 καλ
567 4411 701 4492 κάμψαντι
714 4420 803 4471 τοῦτον
815 4413 884 4479 ἐντὸς
900 4406 958 4492 ᾖτθ
1001 4418 1050 4477 est,
1063 4416 1095 4465 ihi
1109 4416 1179 4477 iustae
1194 4416 1364 4479 magnitudinis
1375 4419 1468 4467 exstare
1479 4416 1637 4479 crepidinem,
1657 4419 1729 4481 nlqrre
1745 4420 1775 4468 οιΙ

187 4498 306 4556 ὑπεύδιον
321 4503 367 4569 τῆς
383 4498 512 4570 θαλάττης
526 4499 620 4579 κρηπίς
633 4502 702 4557 ἐστιν
718 4498 857 4577 εὐμεγέθης
870 4498 915 4556 καί
929 4498 958 4556 τὸ
1001 4514 1054 4551 eam
1070 4514 1118 4567 arae
1136 4502 1235 4550 lormom
1256 4502 1346 4551 habens
1364 4502 1529 4551 Themistoclis
1548 4515 1602 4551 esse
1620 4502 1726 4553 bustum.
1743 4506 1776 4567 (θ)

187 4586 247 4661 περὶ
281 4584 361 4655 αὐτὴν
397 4584 538 4664 βωμοειδὲς
565 4586 644 4665 τάφος
672 4590 716 4645 τοῦ
743 4584 957 4663 Θεμιστοκλέους,
1002 4589 1224 4639 censelctiamsibi
1241 4590 1364 4639 Platonem
1378 4589 1501 4640 comicum
1514 4588 1637 4651 suilragarl
1651 4590 1688 4639 his
1701 4592 1775 4640 uersi·

189 4675 220 4750 (a)
235 4672 328 4732 Οῖεται
339 4669 366 4729 δὲ
379 4670 425 4729 καί
442 4671 573 4732 Πλάτωνα
587 4672 631 4729 τὸν
643 4672 757 4749 κωμικὸν
773 4676 842 4752 αὑτῷ
854 4696 959 4752 μαρτυ-
1002 4675 1065 4724 bus:

190 4766 241 4839 ρεῖν
256 4760 283 4815 έν
295 4758 404 4824 τούτοις·

146 4889 174 4925 μ,
249 4877 461 4940 numerem<
474 4878 734 4940 ιοχαγῷχςχωψροος
971 4909 990 4949 e
1057 4868 1109 4921 Qus
1118 4866 1219 4911 tumulus
1229 4868 1264 4911 est
1272 4868 1327 4922 nplo
1336 4866 1410 4911 editus
1420 4866 1461 4911 tihi
1471 4866 1494 4911 in
1506 4868 1555 4911 loco

248 4946 412 5010 τυίςέμπόροις
422 4947 548 5011 πρόσρησις
558 4948 623 4995 ἔσται
635 4951 755 5009 πανταχοῦ
1054 4944 1202 4999 negotiatores
1211 4944 1344 4989 salutabunt
1352 4955 1405 4988 cum

249 5015 302 5072 τούς
312 5016 333 5064 τ’
343 5017 480 5072 ἐκπλέοντας
489 5016 635 5072 εἰσπλέοντάς
646 5016 667 5063 τ’
673 5016 754 5078 ὄψεται
1057 5033 1145 5077 semper
1155 5036 1161 5065 ι
1171 5022 1257 5067 videhil
1268 5020 1362 5075 advehi,
1372 5022 1396 5066 et
1405 5021 1521 5066 discedere

249 5084 362 5147 λῶπθῐαθ
370 5085 704 5147 ἅθῑδθατῶθνθῶνθῑάῦΰαῑ·
1056 5099 1446 5153 σοεινθθεθὶιυονίυωεετιτιυὶοο.

190 5187 222 5264 (τ)
238 5186 301 5252 Τοῖς
319 5186 341 5244 δ’
360 5185 413 5245 ἀπὸ
430 5185 517 5265 γένους
536 5192 581 5244 τοῦ
599 5186 806 5264 Θεμιστοκλέους
824 5185 869 5243 καί
886 5186 961 5263 τιμαί
1005 5196 1038 5259 (t)
1051 5194 1182 5246 Posterilali
1194 5193 1359 5247 Themistoclis
1372 5194 1401 5243 ad
1414 5198 1518 5244 nostram
1530 5196 1710 5258 usquecetatem
1717 5198 1774 5247 corii
