4125 6109
374 1898 446 1981 Qui
471 1918 621 1965 summae
644 1895 695 1965 rei
722 1894 901 1965 litterariae
935 1908 970 1964 et
997 1892 1216 1963 institutioni
1248 1890 1402 1987 publicae
1426 1906 1584 1985 praesunt
1609 1890 1646 1961 in

327 2018 441 2089 Gallia
457 2032 592 2103 nostra,
613 2032 650 2087 ut
673 2018 776 2087 omni
793 2031 955 2111 tempore
971 2016 1136 2085 laverunt
1158 2013 1287 2084 studiis
1300 2015 1433 2109 graecis,
1453 2014 1500 2083 ita
1520 2014 1557 2082 in
1573 2038 1649 2084 uno

327 2140 518 2211 Plutarcho
536 2154 629 2210 recte
646 2138 814 2211 dicantur
834 2140 1009 2209 exstitisse
1030 2137 1212 2234 duplicem
1233 2138 1269 2207 in
1293 2135 1443 2207 modum
1464 2142 1647 2231 φιλέλληνες.

325 2268 412 2332 Nam
442 2285 554 2357 quum
578 2260 815 2332 decreverunt
842 2275 882 2331 ut
909 2258 1027 2341 Κόνδος
1049 2258 1221 2355 quicquid
1242 2260 1445 2331 contineret
1466 2261 1569 2355 Regia
1597 2260 1650 2331 bi-

327 2384 510 2455 blintbeca
531 2383 702 2455 codicum
722 2382 1018 2455 Plutarcbeotunt
1049 2382 1229 2453 conferret
1257 2406 1341 2452 curn
1368 2383 1526 2454 editione
1553 2384 1648 2467 Reis-

326 2505 448 2591 tiana,
468 2505 575 2574 simul
602 2519 636 2575 et
661 2505 797 2575 litteras
823 2510 964 2577 Groecas
989 2520 1023 2577 et
1052 2509 1214 2575 Graecum
1239 2504 1425 2575 bominem
1455 2504 1649 2575 liberaliter

325 2626 552 2721 adjuverunt.
570 2626 683 2720 Hujus
704 2628 809 2719 igitur
829 2628 943 2723 copiis
961 2624 1050 2697 dum
1073 2626 1267 2697 Dubnerus
1285 2626 1455 2697 utebatur
1471 2627 1516 2696 ad
1536 2630 1649 2697 Mora·

325 2751 373 2821 lia
392 2773 473 2846 quae
493 2762 670 2819 vocantur
690 2749 930 2839 emendanda,
953 2756 984 2821 J.
1003 2754 1048 2819 Μ.
1068 2750 1270 2821 Scbttltzius
1295 2749 1401 2819 nobis
1426 2775 1490 2847 per
1516 2750 1649 2822 litteras

326 2870 540 2967 significavit
553 2896 591 2941 se
612 2873 772 2942 Vitarum
793 2872 989 2944 editionem
1008 2898 1123 2971 prope
1138 2875 1212 2969 jam
1228 2894 1387 2971 paratam
1406 2875 1553 2946 habere.
1578 2876 1649 2947 Sed

325 3008 450 3090 postea
480 2993 598 3063 virum
621 2992 888 3079 doctissimum,
918 2994 964 3067 ad
992 3020 1101 3091 quem
1129 2997 1306 3067 variantes
1337 2996 1509 3067 lectiones
1533 2999 1648 3067 statim

327 3115 553 3201 miseramus,
567 3114 680 3185 otium
701 3113 872 3200 deiecisse
886 3115 1028 3186 videtur
1040 3117 1129 3211 quin
1149 3140 1240 3211 opus
1260 3140 1300 3186 ea
1323 3140 1430 3212 quam
1446 3118 1648 3187 institutum

329 3252 493 3307 nostrum
505 3238 664 3333 postulat
679 3239 817 3307 ratione
827 3253 1019 3334 perageret.
1029 3239 1180 3310 Biennio
1192 3237 1358 3335 perbauc
1372 3264 1509 3310 moram
1526 3255 1650 3310 exacto

327 3358 540 3431 Doehnerum
561 3361 593 3429 ei
607 3362 752 3455 negotio
765 3362 1001 3457 praelecimus,
1010 3362 1101 3433 illud
1114 3377 1286 3459 petentes,
1296 3377 1336 3433 ut
1355 3377 1390 3432 et
1401 3364 1648 3433 Parisinorum

328 3480 496 3552 codicum
506 3482 700 3553 collatione
713 3507 833 3553 secum
852 3485 1118 3555 communicata
1133 3499 1292 3556 uteretur
1303 3500 1339 3555 et
1350 3486 1527 3555 Crusiauae
1542 3486 1650 3555 inter·

328 3604 627 3699 pretatioui,quae
639 3628 766 3675 ornnes
776 3604 955 3676 editiones
971 3606 1230 3699 greco-latinas
1248 3606 1405 3694 obsidet,
1416 3606 1650 3677 substitueret

329 3727 509 3821 egregium
534 3751 626 3823 opus
654 3726 840 3821 Xylandri,
869 3727 932 3798 ubi
968 3752 1024 3799 res
1051 3743 1217 3825 posceret
1255 3743 1471 3799 correctum.
1510 3728 1651 3815 Quibus

331 3848 508 3919 mandatis
516 3872 625 3943 quam
641 3847 833 3942 diligenter
851 3849 1061 3920 satisfecerit
1071 3851 1127 3919 vir
1139 3849 1380 3936 doctissimus,
1395 3848 1467 3919 boc
1482 3850 1650 3920 volumen

330 3969 487 4040 ostendit
505 3996 512 4038 :
530 3968 724 4040 inalterius
738 3985 858 4040 autem
875 3970 998 4041 limine
1011 3985 1167 4067 exponet
1184 3972 1260 4066 ipse
1281 3972 1452 4067 quamsit
1473 3972 1509 4041 in
1531 3972 1652 4066 singu·
1744 4029 1746 4032 .

332 4093 375 4162 lis
393 4093 571 4162 rationem
594 4106 748 4162 secutus.
773 4096 810 4161 ln
826 4094 941 4189 prima
961 4118 1046 4164 vero
1076 4094 1236 4164 Vitarum
1261 4108 1298 4162 et
1318 4092 1490 4180 secunda,
1512 4094 1586 4187 jam
1608 4092 1654 4161 de

331 4218 361 4283 J.
387 4217 431 4283 Μ.
455 4214 626 4283 Scltultzii
657 4214 904 4309 recognitione
924 4230 959 4285 et
979 4238 1064 4285 cum
1084 4217 1254 4285 Crusiana
1274 4216 1572 4311 interpretatione
1591 4239 1650 4285 ex-

332 4336 464 4432 pressis
485 4358 599 4431 quum
616 4337 692 4433 ipse
705 4336 750 4405 ad
765 4336 1009 4433 peragendum
1028 4361 1123 4433 opus
1141 4337 1338 4421 accederet,
1358 4335 1560 4407 Doehuerus
1578 4336 1654 4406 baec

333 4456 509 4528 mutanda
526 4480 604 4526 csse
619 4454 846 4551 significavit.

386 4578 512 4649 Thesei
527 4602 605 4673 cap.
624 4602 654 4665 r,
668 4570 731 4647 lin.
749 4602 769 4674 7
789 4575 981 4672 legendum
994 4586 1108 4674 γραφὴν
1127 4603 1195 4675 pro
1218 4577 1377 4674 eoquod
1398 4594 1451 4649 est
1470 4588 1652 4676 συγγραφήν.

334 4700 425 4773 lbid.
444 4700 503 4772 lin.
520 4725 565 4771 νο
576 4702 620 4776 εἴη
637 4704 690 4795 μὲν
706 4702 765 4771 οὖν
781 4710 853 4795 ἡμῖν
872 4700 1188 4797 additaparticula.
1205 4704 1290 4797 Cap.
1309 4728 1342 4784 a,
1356 4701 1380 4770 l.
1400 4726 1443 4797 ²7
1458 4701 1654 4774 delendum

333 4827 400 4921 γάρ.
415 4826 501 4920 Cap.
526 4822 559 4910 3,
582 4839 599 4913 s
621 4824 775 4917 9initio,
797 4808 987 4898 1Άδιιλονιιῦν
1006 4830 1073 4893 ὅτι
1094 4830 1202 4904 νοήσας
1225 4828 1301 4892 tn.
1318 4826 1403 4919 Cap.
1425 4824 1446 4894 8
1466 4838 1500 4894 et
1517 4850 1563 4920 ²9
1571 4828 1656 4894 Σίνιν

335 4960 370 5015 et
386 4941 486 5013 Σίνιδι
501 4968 566 5040 pro
589 4953 668 5015 Σινν.
691 4949 774 5038 Cap.
801 4966 854 5031 10,
874 4944 897 5012 l.
914 4968 954 5013 at
975 4943 1047 5013 buc
1061 4944 1204 5030 ordine,
1220 4952 1418 5037 πολεμοῦντες
1432 4950 1500 5015 οὕτε
1513 4942 1652 5039 ὑὸριστὴν

337 5072 405 5136 οὔτε
428 5076 543 5163 λῃστὴν
562 5070 723 5163 γεγονέναι.
741 5068 829 5161 Cap.
858 5066 951 5152 11,Ι.
972 5066 1018 5162 39
1042 5043 1147 5160 Ἐρμει
1170 5091 1236 5161 pro
1257 5050 1390 5162 Ἐρινεῷ,
1413 5065 1434 5137 Ι.
1458 5073 1502 5162 47
1525 5075 1655 5161 κεφαλὴν

337 5214 402 5285 pro
418 5198 547 5285 κεφαλῇ.
580 5192 656 5283 Peg.
677 5187 715 5273 6,
737 5188 796 5271 [Δ
819 5202 856 5257 et
878 5186 898 5259 5
920 5188 984 5282 leg.
1005 5197 1140 5274 καλοῦσι,
1167 5193 1332 5257 κατελθεῖν.
1353 5188 1408 5280 (3)
1426 5193 1591 5258 Κατελθὼν
1623 5188 1657 5258 δὲ

426 5316 591 5359 Pturtucnus.
611 5317 628 5359 1.
1520 5324 1536 5358 a
