4125 6109
812 456 814 459 -
848 424 981 483 soson.
1660 386 1716 494 τοι

122 549 220 622 έδοικε,
233 548 338 607 λυκιδέα
353 550 380 608 δέ
397 548 469 624 μίαν,
480 538 516 607 ῶν
531 570 609 629 φησιν
625 553 639 606 δ
653 551 792 629 Φαληρεύς
805 551 899 626 Δημή·
944 556 994 612 set,
1009 554 1129 615 θιιῑιιθῑῐθι
1138 554 1179 617 ‘1¹¹i
1189 554 1296 605 &lulum
1307 556 1372 617 tupi,
1386 570 1469 621 unum,
1482 570 1584 621 θινθῐθιῐι
1596 560 1718 621 “misto

120 660 211 714 ,pum
231 637 262 695 τι,
287 641 333 712 μγ,
359 635 416 714 poi<
440 626 522 706 εἶναγ,
547 634 577 693 ,ὸ
597 634 625 693 δὲ
651 634 785 714 προςάωυ
809 636 899 713 „W
944 628 1003 677 titud
1027 631 1096 681 beris
1118 632 1220 694 pretium
1241 646 1294 683 esse
1318 636 1453 687 Demetrius
1476 638 1604 687 Phalereus
1626 636 1720 688 asserit.

122 725 155 797 (6,
170 724 216 789 Ἃ,
228 722 278 802 ,γρ
290 726 316 781 ρ,
326 748 365 804 τῳ
378 722 555 802 magu&
565 726 616 781 τῶ,
629 720 724 790 ἀγχω,
735 720 901 801 γργγ,,,,,,γ,,
944 707 978 767 (5)
989 708 1170 763 Quteeutemin
1181 709 1346 760 decimeseeta
1356 712 1610 763 tebutaeacriticicrnm
1622 714 1725 764 eximio·

120 815 175 867 τῶν
191 810 315 889 {mptum
332 808 440 887 χρεων,
455 808 522 875 ,χώς
535 807 582 882 μγ,
602 798 668 866 ,χαι
684 809 899 880 πολλαπλασίας,
945 797 997 871 rum
1010 786 1077 845 ponit
1088 786 1175 847 Solon,
1185 786 1306 847 probabile
1314 792 1351 837 est
1360 790 1442 839 mattis
1454 790 1531 839 modis
1541 791 1630 853 majora
1639 791 1725 841 ceteris

945 861 1033 922 inesse,
1044 874 1181 923 quanquam
1203 862 1235 911 ed
1247 864 1322 911 nostri
1336 865 1448 927 temporis
1459 871 1608 929 comparata,
1621 867 1669 916 sint
1687 870 1721 917 te·

82 899 210 1002 “ms’‘
224 895 251 956 δέ
264 895 504 1006 κζ“ἷ”αῑπζὸ“ζ
517 897 765 1003 νῦνῶτῖλεῑςξίωζ·
789 898 821 973 (7)
841 896 900 975 Ἆρ’
944 936 1009 986 unia.
1051 938 1085 999 (7)
1104 942 1217 989 ceterum
1233 940 1365 1002 antiquitus
1383 942 1539 993 Athenienses
1554 944 1617 1005 lupis
1633 944 1723 993 betium

125 1006 204 1062 χαισν
217 984 246 1042 δὲ
262 1008 315 1050 τοις
330 988 468 1054 Αθηναιοις
480 1006 510 1040 το
525 982 649 1057 πολεμειν
661 1006 714 1049 τοις
725 985 827 1053 λυκοις,
842 984 901 1090 Q·
944 1023 1098 1086 factitabant,
1116 1026 1180 1089 quud
1197 1040 1278 1076 eornm
1297 1040 1351 1089 eger
1371 1028 1464 1090 pascuis
1480 1042 1552 1091 quam
1566 1030 1641 1080 cultui
1660 1033 1724 1080 esset

120 1071 197 1129 ‘5⁰⁹⁰‘
214 1069 300 1147 '‘iii‘'
314 1068 332 1141 ἢ
346 1078 469 1149 Υῑωθίξῖν
489 1069 579 1147 χώραν
593 1068 690 1174 ἕλωσί·
732 1070 766 1147 (⁸)
785 1069 903 1174 §elfeis
946 1102 1032 1163 aptior.
1059 1103 1091 1163 (s)
1106 1106 1179 1152 Porro
1189 1104 1470 1169 tribassnntquidiceut
1485 1120 1532 1157 nun
1546 1107 1577 1157 ab
1591 1108 1725 1171 innistiliis,

122 1158 207 1237 putta
219 1156 282 1216 Εἰσὶ*
294 1160 323 1216 νδ
336 1155 454 1234 >iiiiiii<
466 1158 515 1213 ⁰5¹
527 1156 641 1214 ἀνέτω*
657 1154 748 1223 Ἷωνθι
756 1160 829 1228 etms,
841 1158 900 1213 ω’
946 1178 989 1227 sed
999 1180 1148 1240 egeneribus
1160 1181 1230 1242 ritu,
1243 1181 1267 1231 in
1277 1195 1332 1245 qnae
1342 1182 1457 1245 principio
1468 1183 1574 1234 distincti
1587 1190 1669 1248 erant,
1681 1198 1723 1234 nn·

124 1245 180 1303 ἀπὸ
199 1248 250 1302 τῶν
264 1247 360 1321 γενῶν,
380 1246 415 1309 εἰς
429 1242 445 1301 δ
461 1241 616 1321 διῃρέθησαν
631 1247 655 1301 οἱ
675 1243 726 1321 βίοι
741 1243 772 1300 τὸ
787 1247 900 1322 πρῶτον,
945 1255 1009 1303 mine
1016 1256 1208 1316 bebere,sciiiret
1220 1258 1343 1309 bellatores
1350 1260 1380 1309 ab
1390 1260 1463 1309 armis
1473 1260 1720 1325 ‘Ortirampcrarins

73 1350 106 1389 ιο
122 1331 291 1408 ὠνομάσθαι,
306 1330 335 1388 τὸ
349 1329 397 1407 μὲν
417 1329 533 1408 μάχιμον
548 1329 691 1401 Ὁπλίτας,
709 1330 739 1386 τὸ
756 1329 778 1387 δ’
800 1332 926 1409 ἔργοντοῦ
946 1342 976 1391 ab
985 1343 1064 1405 operis
1073 1343 1204 1407 Ἐργάδεις,
1217 1344 1320 1408 reliques
1332 1346 1393 1395 dues
1408 1347 1506 1395 atteram
1521 1348 1552 1397 ab
1572 1351 1722 1411 agriculture

123 1421 171 1477 κὸν
197 1414 346 1498 Ἐργάδεις,
366 1418 433 1475 δυεῖν
452 1416 479 1474 δέ
503 1420 555 1474 τῶν
576 1420 673 1475 λοιπῶν
697 1416 718 1476 Γ
719 1414 837 1480 εδέοντατ
853 1416 901 1492 μὲν
946 1430 1066 1485 retem
1077 1430 1183 1491 atteram,
1194 1445 1207 1479 e
1220 1432 1345 1493 pecoribus
1355 1433 1479 1494 pascendis
1497 1436 1623 1499 Αῑγικορεῑς
1640 1436 1724 1487 dictes.

122 1505 184 1571 τοὺς
194 1505 336 1584 γεωργοὺς,
352 1503 495 1582 Αέγιιιορεῖς
507 1502 535 1561 δὲ
549 1502 607 1569 τοὺς
620 1503 663 1561 ἐπὶ
677 1505 767 1579 νομαῖς
781 1504 825 1560 καὶ
836 1525 902 1581 προ-
949 1516 983 1577 (9)
999 1517 1159 1579 aequoniam
1172 1519 1235 1577 regio
1245 1518 1291 1567 ista
1302 1532 1379 1581 neque
1388 1518 1485 1582 iuriis,
1497 1534 1575 1584 neque
1585 1523 1722 1586 paludibus,

123 1591 243 1657 6ατείαις
260 1590 449 1669 διατρίύοντας.
499 1592 531 1667 (a)
550 1589 625 1649 Ἐπεὶ
639 1588 666 1647 δέ
680 1589 745 1667 πρὸς
760 1589 829 1668 ὕδωρ
843 1588 902 1646 οὔτε
947 1602 1136 1666 neqnaicutium
1154 1604 1268 1655 uberibus
1278 1606 1460 1668 scaturiginibus
1474 1608 1556 1658 itacsi
1571 1610 1724 1672 praedita,ut

122 1682 253 1750 ποταμοῖς
264 1680 332 1735 ἔστιν
343 1676 444 1743 ὰινοῖοις
454 1675 513 1735 οὔτι
526 1675 630 1753 λέμνιιις
638 1676 705 1735 τιοὶν
715 1676 769 1734 οὔτ’
781 1674 900 1754 ἀφθόνοις
915 1679 918 1685 ’
945 1702 1007 1751 aqna
1017 1690 1233 1753 setissuppeditet,
1243 1692 1345 1755 ideoque
1355 1694 1460 1756 plerique
1469 1695 1547 1757 puteis
1561 1709 1633 1746 mauu
1646 1696 1715 1747 iactis

80 1788 108 1824 ιι»
124 1768 224 1841 πηγαῖς
235 1769 252 1834 ἦ
264 1762 339 1843 χώρα
353 1763 460 1842 διαρκὴς
467 1808 475 1838 ‚
488 1763 545 1821 ἀλλ’
556 1766 706 1822 οἱπλεῖστοι
719 1764 812 1845 φρέασι
823 1785 900 1834 ποιη·
945 1778 1081 1837 utebantur,
1092 1778 1166 1840 tegern
1179 1779 1324 1843 perscripsit,
1338 1786 1365 1829 ut
1373 1781 1414 1830 ubi
1425 1781 1535 1843 publicus
1546 1786 1611 1832 esset
1620 1788 1726 1845 putens,

123 1856 179 1918 τοῖς
189 1854 320 1930 ἐχρῶντο,
335 1850 412 1927 νόμον
427 1849 548 1929 ἔγραψεν,
561 1849 627 1908 ὅπου
640 1850 687 1926 μέν
703 1854 759 1909 ἐστι
776 1848 900 1926 δημόσιον
944 1878 974 1913 ec
987 1871 1100 1927 aquatum
1113 1866 1173 1916 intra
1182 1866 1284 1929 spatium
1293 1867 1411 1929 equestris
1427 1881 1511 1918 cursus
1528 1869 1557 1929 (is
1568 1870 1671 1920 bebatur
1680 1874 1727 1921 ste·

123 1938 208 2019 φρέαρ
227 1938 297 2004 ἐντὸς
317 1941 439 2008 ἱππικοῦ,
457 1942 572 2016 χρῆσθαι
586 1936 683 2018 τούτῳ·
702 1937 732 1996 τὸ
749 1937 773 1995 δ’
793 1935 899 1994 ἱππικὸν
946 1951 1040 2000 dicrum
1048 1954 1174 2015 quattuor)
1187 1954 1268 2003 venire
1276 1954 1426 2017 licereitqui
1435 1967 1491 2003 reru
1502 1956 1596 2018 longius
1605 1958 1726 2020 abessent,

123 2026 259 2102 διάστημα
270 2025 402 2105 τεσσάρων
414 2018 445 2096 ἦν
455 2023 651 2083 σταδίων·ὀπου
662 2026 690 2082 δὲ
699 2028 788 2083 πλεῖον
797 2027 899 2101 ἀπεῖχε,
944 2038 1064 2099 propriam
1083 2038 1126 2087 sibi
1144 2052 1230 2101 aquam
1246 2043 1393 2102 quaererent;
1411 2041 1509 2104 quodsi
1523 2047 1577 2093 acto
1594 2043 1624 2093 ed
1644 2043 1727 2095 desem

123 2119 211 2185 ζητεῖν
225 2113 293 2193 ὕδωρ
306 2114 383 2173 ἴδιον·
398 2113 443 2173 ἐὰν
457 2112 484 2171 δὲ
498 2112 632 2193 ὀρύξαντες
644 2116 753 2193 ὀργυιῶν
768 2110 832 2171 δέκα
846 2111 901 2191 βά-
944 2124 1054 2173 ulnarum
1071 2124 1221 2175 altitudinem
1236 2129 1308 2188 putee
1317 2142 1404 2189 aquam
1416 2142 1462 2178 nou
1473 2130 1619 2181 invenissent
1627 2167 1635 2192 ‚
1648 2136 1726 2182 tuma

77 2224 109 2261 ac
124 2207 169 2267 θος
181 2204 244 2281 παρ’
258 2205 359 2268 ἑαυτοῖς
373 2201 410 2277 μὴ
423 2200 530 2281 εύρωσι,
542 2200 601 2259 τότε
612 2200 757 2276 λαμύοίνειν
769 2198 842 2279 παρὰ
853 2203 900 2257 τοῶ
944 2211 1023 2261 ricinc
1031 2225 1118 2273 aquam
1130 2214 1252 2275 peterent,
1263 2214 1369 2275 qnotidie
1385 2228 1469 2265 urnam
1480 2230 1520 2267 sex
1533 2218 1646 2267 chuerum
1659 2230 1727 2282 cepa·

122 2289 236 2365 γείτονος
242 2288 349 2369 ἑξάχουν
356 2287 445 2368 ύδρίαν
456 2288 493 2354 δὶς
502 2287 719 2367 ίκιίστηςήμίρας
726 2290 901 2366 πληροῦντας·
945 2310 997 2347 cem
1007 2298 1045 2348 bis
1055 2299 1195 2362 implentem
1203 2314 1258 2350 narn
1270 2302 1375 2363 penuriae
1387 2304 1590 2365 succurrendum,
1601 2318 1649 2353 nnn
1660 2306 1724 2367 igna-

123 2376 222 2456 ἀπορία
234 2375 284 2457 γάρ
298 2376 363 2457 ᾤετο
377 2379 429 2434 δεῖν
442 2378 557 2455 βοηθεῖν,
573 2378 621 2434 οὐκ
634 2375 728 2453 ἀργίαν
744 2374 896 2453 ἐφοδιάζειν.
912 2368 1008 2434 driam
1019 2386 1127 2435 alendam
1137 2388 1243 2449 putabet.
1262 2389 1313 2451 (10)
1327 2390 1480 2439 Piantetionis
1491 2404 1586 2453 qunque
1601 2406 1726 2442 mensures

125 2464 276 2545 (ιο)Ὥρισε
288 2463 372 2522 δὲκαὶ
386 2467 494 2544 φυτειῶν
513 2462 595 2541 μέτρα
605 2462 669 2539 μάλ’
685 2460 827 2540 ἐμπείρως,
841 2457 899 2524 τοὺς
944 2472 1087 2535 peritissime
1104 2474 1213 2525 deiinirit
1229 2489 1235 2523 τ
1251 2476 1329 2538 utqui
1341 2476 1408 2525 atiud
1423 2478 1582 2539 quemuteem
1595 2483 1637 2528 aut
1655 2478 1727 2529 ticum

124 2553 174 2627 μὲν
188 2552 253 2609 άλλο
265 2574 291 2610 τι
298 2553 453 2632 φυτεύοντας
464 2552 491 2608 ἐν
505 2553 593 2630 ἀγρῷ,
608 2548 684 2607 πέντε
698 2549 779 2614 πόδας
791 2546 899 2625 ἀπέχειν
949 2559 1086 2622 plantarent
1094 2560 1118 2609 in
1130 2574 1201 2623 egro,
1217 2562 1324 2625 quinque
1343 2562 1431 2625 pedum
1443 2563 1520 2627 spatie
1534 2578 1548 2613 e
1562 2564 1642 2614 ricino
1654 2564 1678 2614 id
1690 2579 1725 2615 re·

78 2666 108 2704 ος,
123 2646 170 2697 τοῦ
188 2639 299 2715 γείτονος
314 2638 453 2713 κελεύσας,
467 2636 526 2705 τοδς
540 2636 566 2695 δὲ
578 2642 659 2708 συκῆν
675 2636 693 2707 ἢ
710 2636 799 2694 ε’λαίαν
817 2634 898 2695 ἐννέα.
943 2649 1080 2696 moverent:
1091 2645 1132 2707 qni
1141 2648 1221 2695 autem
1231 2646 1317 2706 oleam,
1327 2646 1365 2695 rei
1374 2646 1454 2707 ticum,
1466 2661 1567 2710 nereum
1578 2662 1632 2699 nem
1640 2654 1726 2715 stirpes

126 2724 291 2806 Ποββωτέρω
309 2724 358 2805 γάρ
379 2724 514 2792 ἐξικνεῖται
533 2730 615 2782 ταῦτα
629 2732 685 2791 ταῖς
702 2722 798 2803 ῥίζαις*
811 2722 856 2780 καὶ
870 2722 899 2780 ού
944 2733 1016 2783 tetius
1025 2746 1081 2782 sues
1090 2733 1182 2783 radices
1192 2733 1339 2793 extendunt,
1352 2746 1430 2796 neque
1439 2735 1535 2785 innoxie
1546 2738 1659 2788 omnibus
1674 2740 1726 2789 eiiis
1764 2746 1767 2753 ⁴

122 2822 190 2871 πᾶσι
201 2822 300 2893 γειτνιᾷ
310 2814 363 2879 τοῖς
376 2820 462 2892 φυτοῖς
472 2814 577 2882 ἀσινῶς,
591 2810 661 2870 etti
676 2810 722 2870 καὶ
734 2809 831 2891 τροφήν
846 2832 900 2866 πα·
949 2821 1036 2883 plantis
1047 2822 1085 2871 cst
1096 2834 1178 2870 earum
1193 2821 1320 2882 vicinitas,
1333 2820 1397 2883 qnod
1409 2826 1433 2871 et
1444 2822 1582 2872 elimentum
1592 2825 1622 2873 iis
1631 2825 1724 2875 subtre-

124 2905 253 2980 οαιρεῖται
275 2900 320 2957 καὶ
350 2900 517 2978 βλάπτουσαν
538 2899 612 2965 ἐνίοις
637 2897 767 2979 ἀποββοὴν
799 2896 900 2976 ἀφίησι.
949 2908 1007 2957 trent
1020 2911 1045 2957 et
1055 2908 1180 2957 humorem
1189 2908 1236 2957 iiiis
1246 2907 1357 2957 infestum
1367 2909 1486 2959 exhalent.
1530 2909 1728 2972 (inseruisset

124 2972 171 3065 (τι)
189 2986 299 3068 Βόθρους
313 2984 399 3044 δὲκαὶ
413 2985 525 3065 τάφρους
539 2987 583 3044 τὸν
600 2984 754 3064 βουλόμενον
767 2983 901 3043 ἐκέλευσεν
946 2994 1024 3044 tusses
1039 2994 1072 3044 itu
1080 2995 1155 3055 jussit
1166 2994 1275 3049 demitti,
1294 2998 1322 3043 nt
1336 2998 1426 3057 quanta
1440 2999 1592 3047 eeseteerum
1608 2997 1725 3059 altitudo,

78 3095 109 3135 an
123 3073 260 3153 ὀρύσσειν,
282 3073 341 3132 ὀσαν
367 3074 495 3150 ἐμύσίλλει
517 3072 594 3152 βάθος
620 3074 795 3153 ἀφιστάμενον
821 3074 902 3146 μῆκος
946 3082 1082 3131 tantumeb
1095 3082 1173 3132 alienu
1184 3082 1318 3132 distarent:
1338 3083 1379 3145 qui
1396 3083 1479 3132 alvens
1497 3084 1579 3145 epium
1592 3085 1727 3147 conderet,

122 3160 290 3240 τάλλοτρίου·
302 3159 488 3236 scripsissetis
499 3159 585 3237 σμήυη
596 3158 786 3236 καθιστάμενον
797 3156 903 3236 ἀπέχειν
947 3170 968 3217 is
976 3168 1007 3217 ab
1017 3182 1046 3218 eo
1057 3168 1099 3232 qui
1113 3171 1168 3219 anta
1179 3169 1323 3219 instituisset
1339 3169 1417 3231 idern,
1429 3170 1501 3233 pedes
1513 3174 1632 3222 trecentus
1652 3172 1727 3225 disce·

122 3252 177 3306 τῶν
187 3248 231 3329 ὑφ’
244 3247 331 3327 ἑτέρου
346 3247 469 3328 πρότερον
483 3247 626 3328 ἱδρυμένων
640 3247 721 3314 πύδας
731 3244 903 3326 τριακοσίους.
948 3256 1023 3306 deret.

165 3338 269 3397 XXIV.
301 3338 362 3396 Τῶν
385 3334 413 3393 δέ
430 3336 571 3413 γινομένων
597 3335 709 3394 διάθεσιν
735 3333 799 3413 πρὸς
821 3331 934 3401 ξένουςθ
977 3346 1063 3393 tittlv.
1081 3341 1317 3395 tiirn'ctibusautem
1328 3344 1569 3406 uibitpraetercienm
1580 3346 1650 3396 rendi
1663 3360 1728 3410 perc·

124 3423 214 3481 έλαίου
239 3422 315 3500 μόνον
338 3422 445 3495 ἔδωκεν,
465 3423 533 3481 ἄλλα
557 3424 580 3481 δ’
601 3422 699 3502 ἐξάγειν
720 3421 843 3481 ἐκώλυσε·
859 3418 904 3479 καὶ
948 3431 1021 3493 genie
1030 3432 1139 3494 permisit
1157 3446 1163 3479 :
1180 3434 1259 3481 cetere
1270 3431 1390 3493 exportari
1401 3432 1490 3491 vetnit,
1506 3432 1625 3495 iussitque
1643 3435 1729 3497 princi·

78 3531 110 3569 sn
125 3511 195 3569 κατδτ
218 3515 270 3569 τῶν
301 3510 442 3588 ἐξαγόντων
477 3509 541 3590 ἀρὰς
564 3508 608 3568 τδν
632 3511 747 3590 ἄρχοντα
776 3509 904 3566 ποιεῖσθαι
948 3532 1003 3581 pem
1015 3518 1153 3580 reipublicae
1170 3518 1195 3567 iu
1210 3524 1283 3581 ceput
1300 3518 1353 3579 eius
1360 3554 1367 3580 ,
1380 3518 1421 3580 qui
1441 3518 1486 3567 etio
1502 3518 1582 3581 fruges
1595 3521 1728 3582 erexisset,

124 3599 282 3679 προσέταξεν
304 3598 322 3670 ἢ
338 3599 444 3657 ἐκτίνειν
468 3596 546 3657 αότδν
563 3598 655 3657 ἑκατὸν
677 3596 796 3678 δραχμὰς
819 3599 855 3661 εἷς
873 3594 904 3653 τδ
948 3605 1125 3665 σκοτομήνιος
1137 3605 1443 3667 cerericpeederecentum
1457 3606 1592 3655 drachmas.
1627 3606 1728 3670 (eiiirec
1751 3614 1753 3617 '

125 3686 260 3763 δημόσιον.
303 3688 333 3764 (τ)
352 3687 405 3746 Καὶ
413 3690 513 3767 πρῶτος
529 3684 595 3753 ἄξων
605 3685 673 3744 ἐστὶν
688 3688 702 3743 θ
715 3690 804 3742 τοῦτον
815 3682 903 3763 περιέ·
947 3692 1161 3755 iesprimetsbuta
1173 3692 1729 3758 sentinetur:neierntidemcmninoabrogau·

124 3798 181 3853 γων
192 3775 237 3833 τὸν
256 3774 346 3851 νύμον.
387 3776 446 3833 Οὔκ
460 3772 491 3831 δν
512 3764 556 3831 οὖν
569 3796 607 3839 τις
624 3772 752 3850 ἡγήσαιτο
770 3772 904 3836 παντελῶς
947 3781 1001 3829 dem
1015 3781 1135 3843 quispiam
1154 3779 1292 3843 puteiittis,
1305 3780 1345 3842 qni
1359 3779 1542 3829 dicunttiruum
1559 3794 1654 3844 quoque
1668 3784 1728 3833 anti·

125 3842 266 3929 άπιθάνους
280 3861 338 3928 τοὺς
359 3861 499 3939 λέγοντας,
517 3860 557 3919 ὀτι
576 3861 620 3919 καὶ
635 3858 720 3919 σύκων
740 3857 859 3936 ἐξαγωγῇ
872 3856 902 3915 τδ
946 3869 1028 3931 quitus
1035 3869 1166 3919 unctionem
1177 3867 1333 3930 prohibitam,
1342 3866 1444 3929 indeque
1451 3869 1609 3929 sycophantas
1624 3871 1728 3931 primum

83 3978 113 4016 40
126 3950 239 4007 παλαιὸν
257 3948 380 4028 ἀπείρητο
398 3948 442 4007 καὶ
462 3947 492 4006 ab
515 3946 613 4027 φαίνειν
632 3944 823 4022 ἐνδεικνύμενον
845 3942 903 4009 τοὺς
947 3956 1094 4016 nominatos,
1106 3954 1563 4017 qniiicnumexpcrtetnreeindicureni.
1597 3956 1630 4017 (3)
1641 3960 1728 4019 Legem

127 4037 267 4113 ἐξάγοντας
279 4039 407 4109 κληθῆναι
421 4038 599 4116 συκοφαντεῖν.
641 4036 671 4109 (a)
684 4033 807 4112 Ἔγραψε
819 4031 846 4090 δὲ
859 4029 904 4089 καὶ
948 4043 1020 4092 etiam
1030 4042 1061 4091 de
1073 4042 1159 4091 damno
1174 4040 1239 4104 qued
1255 4041 1391 4103 quadrupes
1404 4040 1523 4101 dedisset,
1541 4042 1633 4103 posuit,
1644 4044 1669 4093 in
1681 4057 1729 4106 qne

129 4114 905 4204 βλάύηςτετραπύδωννόμον,ένῷκαὶκύναδακύνταπαρα-
949 4129 1017 4192 jubet
1030 4142 1129 4189 canem,
1148 4129 1189 4192 qni
1209 4128 1380 4189 momorderit,
1402 4128 1455 4178 dedi
1471 4130 1565 4191 alligate
1584 4130 1606 4179 ei
1626 4131 1729 4179 numeiie

128 4216 219 4271 δοῦναι
231 4211 330 4270 κελεύει
344 4214 423 4292 κλοιῷ
437 4210 560 4291 τριπήχει
572 4209 714 4286 δεδεμένον·
729 4207 759 4266 τδ
773 4206 820 4285 μὲν
833 4207 905 4265 ένθύ·
924 4204 1021 4267 sirium
1037 4218 1172 4266 cubitorum
1190 4230 1195 4259 =
1221 4216 1283 4279 quod
1298 4217 1350 4277 eius
1365 4216 1490 4266 inventum
1507 4216 1640 4266 securitatis
1657 4230 1729 4266 cause

129 4324 209 4378 μημα
228 4300 319 4379 χάριεν
333 4298 397 4378 πρὸς
415 4299 568 4379 ἀσφάλειαν.
612 4300 643 4373 (ι)
662 4294 780 4376 Παρέχει
794 4297 817 4354 δ’
834 4297 904 4353 τἰπο-
948 4304 1079 4366 gratiosum
1088 4306 1133 4354 est.
1167 4302 1202 4367 (ιι)
1213 4302 1390 4353 Dubitutienem
1409 4302 1480 4352 asieri
1491 4302 1562 4352 etiarn
1579 4304 1617 4351 tex
1634 4303 1664 4353 de
1683 4304 1727 4366 iis,

85 4407 116 4445 ee
130 4387 188 4467 ρίαν
205 4386 251 4445 καὶ
261 4390 334 4445 ὁτῶν
348 4385 531 4462 δημοποιήτων
547 4382 683 4460 νύμος,ὀτι
697 4381 814 4459 γενέσθαι
829 4380 904 4439 πολί·
948 4392 1024 4455 quiin
1041 4390 1155 4453 poputum
1168 4390 1295 4453 recipiendi
1307 4394 1400 4451 essent,
1417 4389 1492 4452 posita
1506 4406 1511 4438 :
1530 4390 1650 4440 nemiuem
1663 4392 1728 4441 euim

127 4500 185 4541 ταις
197 4476 226 4532 οό
240 4471 330 4531 δίδωσι
342 4473 410 4543 πλὴν
424 4481 476 4539 τοῖς
495 4470 630 4552 φεύγουσιν
645 4468 765 4550 ἀειφυγίᾳ
777 4468 825 4540 τήν
841 4472 904 4526 ἓαυ-
948 4479 1025 4528 civem
1039 4476 1089 4526 tisri
1108 4476 1211 4539 petitur,
1222 4476 1268 4524 nisi
1284 4476 1325 4537 qui
1336 4476 1449 4538 perpetue
1460 4476 1532 4525 exitio
1548 4476 1652 4526 damnati
1663 4491 1676 4527 e
1686 4491 1729 4527 sua

127 4565 180 4618 τῶν
195 4560 213 4631 ἢ
230 4559 376 4625 πανεστίοις
390 4558 512 4630 Ἀθήναζε
527 4555 742 4636 μετοικιζομένοις
754 4556 797 4613 ἐπὶ
814 4556 903 4634 τέχνη.
949 4566 1024 4628 petria
1035 4564 1158 4623 abessent,
1170 4564 1212 4612 eni
1227 4576 1283 4611 cum
1298 4566 1346 4611 tote
1357 4562 1445 4610 familie
1460 4562 1552 4611 artificii
1566 4576 1638 4612 censa
1654 4566 1728 4614 Athe-

83 4659 121 4711 92
131 4649 164 4725 (5)
182 4652 208 4707 Τ
208 4653 269 4706 obre
281 4646 308 4705 δὲ
322 4646 431 4717 ποιῆσαί
448 4669 525 4728 φασιν
539 4644 616 4703 αὐτὸν
633 4647 682 4722 οὐχ
697 4643 777 4708 ούτως
792 4641 906 4701 ἀπελαύ·
918 4664 937 4704 e
948 4666 992 4701 nes
1000 4652 1202 4712 commigraeeent
1236 4650 1269 4712 (5)
1280 4649 1305 4698 id
1316 4655 1397 4697 etitem
1408 4648 1491 4697 iecisse
1502 4648 1612 4709 traditur,
1622 4663 1669 4700 nou
1680 4656 1728 4700 tam

128 4731 205 4793 νοντα
228 4732 286 4800 τοὺς
302 4734 408 4806 σίλλους,
425 4736 460 4799 ὡς
475 4731 701 4809 μετακαλούμενον
715 4730 835 4801 Ἀθήναζε
848 4727 907 4787 τού·
950 4745 978 4789 ut
988 4740 1047 4789 atius
1058 4752 1073 4787 a
1084 4752 1128 4788 sua
1139 4738 1236 4787 civitate
1248 4738 1337 4786 arceret
1346 4771 1353 4796 ,
1363 4749 1435 4798 quam
1446 4738 1473 4785 ut
1485 4736 1603 4797 alliceret,
1614 4750 1670 4785 cum
1680 4738 1728 4787 sci·

86 4848 116 4888 sn
127 4846 188 4889 τους
208 4824 251 4879 ἐπὶ
275 4820 373 4901 βεὸαίῳ
385 4825 422 4900 τῷ
436 4819 549 4898 μεθέξειν
563 4824 609 4890 τῆς
629 4816 773 4888 πολιτείας,
788 4815 833 4874 καῖ
848 4815 905 4892 άμα
950 4832 1002 4876 rent
1010 4827 1147 4876 constanter
1156 4838 1182 4874 se
1193 4824 1296 4873 civitatis
1306 4822 1356 4883 ejus
1366 4820 1492 4884 participes
1502 4822 1603 4884 futurae,
1611 4822 1730 4884 simulque

125 4907 235 4974 πιστοὺς
249 4908 400 4985 νομίζοντα,
413 4907 472 4975 τοὺς
489 4906 536 4983 μέν
550 4904 767 4977 ἀπούεύληκότας
780 4903 828 4973 τήν
845 4908 906 4961 sac
949 4920 1017 4965 retus
1030 4914 1089 4963 trdus
1099 4915 1149 4963 tore
1162 4914 1230 4975 iiius,
1246 4911 1309 4975 quod
1329 4911 1471 4961 necessitate
1485 4912 1573 4972 eoacti,
1592 4912 1644 4972 bos,
1663 4914 1729 4975 quod

124 5000 176 5054 τῶν
191 4994 235 5053 διδι
248 4995 296 5067 τήν
313 4994 442 5072 ἀνάγκην,
460 4996 518 5061 τοὺς
534 4995 557 5052 δ’
576 4992 781 5059 ἀπολελοιπότας
794 4990 837 5049 διδι
857 4990 905 5061 τήν
948 5001 1048 5052 consitio
1065 5001 1161 5050 adducti
1180 5000 1268 5061 patrias
1289 5012 1344 5048 suas
1364 4999 1506 5049 amisissent.
1549 4998 1583 5059 (d)
1600 5000 1730 5050 Pecuiiaris

125 5082 245 5160 γνώμην.
290 5084 322 5163 (e)
332 5083 413 5144 Ἴδιον
428 5082 455 5142 δὲ
467 5089 511 5142 τοῦ
526 5080 697 5148 Σολωνοςκαλ
709 5080 739 5139 τὸ
749 5078 810 5158 περὶ
823 5081 906 5148 τῆςέν
951 5102 1047 5152 quoque
1065 5088 1117 5150 ejus
1133 5088 1169 5136 tex
1185 5088 1230 5135 tuit
1250 5086 1280 5136 de
1298 5086 1407 5135 convictu
1427 5086 1449 5134 iu
1469 5086 1580 5149 publicu,
1592 5086 1657 5149 quud
1675 5087 1730 5137 inde

130 5170 251 5250 δημοσίῳ
269 5171 406 5244 σιτήσεως,
428 5170 491 5251 ὅπερ
516 5170 591 5237 αὐτὸς
612 5169 765 5249 παρασιτεῖν
787 5166 907 5238 κέκληκε.
953 5180 1088 5240 παρασιτεῖν
1098 5177 1147 5238 ipsc
1157 5174 1285 5238 appetierit
1298 5188 1304 5223 ι
1318 5176 1358 5222 uni
1370 5174 1458 5236 emptus
1468 5174 1515 5223 iilic
1524 5174 1615 5235 epulari
1624 5186 1671 5223 non
1680 5186 1736 5223 con-
