4125 6109
863 423 964 483 CATO
987 422 1123 483 rinion.

1734 439 1793 490 418

195 593 273 634 τωνος
287 567 329 625 τὸν
345 563 481 634 Φλάκκον,
497 559 585 638 ῶσπερ
600 559 646 616 οὐκ
661 559 790 622 αἰτοῦντος
805 554 897 634 ἀρχὴν,
911 557 969 614 ἀλλ’
983 555 997 618 ί
1015 566 1070 612 tum
1081 577 1130 612 nou
1139 564 1166 613 ut
1173 563 1215 625 qui
1224 565 1324 626 peteret,
1333 564 1412 614 solut
1420 565 1518 627 quijam
1524 566 1617 626 gereret
1625 565 1790 628 magistrarum

197 661 319 739 ἄρχοντος
330 654 381 726 ἤδη
394 650 438 711 καί
450 647 653 728 προπίπτοντας
666 643 838 724 ἀκροώμενος.

235 746 329 806 xvll.
353 739 508 820 Προέγραψε
519 736 565 811 μὲν
578 725 620 792 οὑν
632 737 646 791 δ
660 733 754 792 Κάτων
767 736 813 802 τῆς
825 730 971 808 συγκλήτου

196 833 238 894 τὸν
253 829 415 907 συνάρχοντα
427 825 471 884 καί
486 823 569 903 ιρίλον,
585 821 692 880 Λεύκιον
706 819 866 898 Οὐαλλέριον
879 817 973 878 Φλάκ-

163 942 176 978 ο
196 945 252 993 κον,
268 917 373 986 έξέὸαλε
385 911 412 971 δέ
425 917 470 983 τῆς
483 913 576 990 βουλῆς
592 908 685 974 ἄλλους
696 931 723 964 τε
734 905 843 986 συχνούς
852 905 897 964 καί
909 904 975 966 nei·

196 1031 250 1068 κιον
265 1001 393 1073 Κοίντιον,
408 999 505 1056 ὕπατον
521 997 568 1074 μὲν
582 995 649 1054 ἑπτθι
659 993 782 1074 πρότερον
795 996 919 1060 ἐνιαυτοῖς
930 1015 975 1072 γε·

196 1091 347 1173 γενημένον,
363 1087 376 1146 ὃ
392 1089 414 1144 δ’
432 1079 463 1156 ἦν
478 1087 547 1163 αύτῷ
566 1081 629 1163 πρὸς
647 1081 721 1148 δόξαν
738 1081 860 1146 ὑπατείας
877 1083 973 1157 μεῖζον,

198 1180 306 1260 α’δελρὸν
320 1179 399 1238 Τίτου
412 1170 575 1249 Φλαμινίνου
588 1175 632 1228 τοῦ
645 1167 908 1245 καταπολεμήσαντος
921 1165 973 1228 Φί-

196 1273 301 1327 λιππον.
345 1267 376 1341 (α)
401 1260 494 1320 Κίτίοιν
516 1257 541 1316 δὲ
563 1262 609 1327 τῆς
629 1256 738 1326 ἐκθολῆς
758 1254 819 1334 ἔσχε
839 1253 972 1327 τοιαύτην.

161 1371 185 1410 10
198 1354 339 1436 Μειράκιον
354 1353 384 1409 ἐκ
395 1354 440 1419 τῆς
452 1347 574 1438 παιδικῇς
589 1341 658 1423 ῶρας
671 1347 787 1422 ἑταιροῦν
804 1340 947 1422 οἰνειληρὼς
961 1345 974 1399 ὑ

1016 651 1090 700 istum
1098 652 1170 715 atque
1182 651 1308 701 mandaret
1319 665 1363 714 pro
1376 653 1475 714 imperio
1484 653 1611 703 audiverit.

1047 741 1125 788 xvii.
1134 740 1193 788 caio
1202 738 1318 800 collegam
1326 753 1398 788 suum
1408 741 1433 788 et
1440 741 1546 789 amicum
1555 743 1583 789 L.
1595 740 1719 791 valerium
1728 741 1798 791 Flac·

1018 851 1075 887 cum
1080 839 1212 902 principem
1218 840 1315 889 senetur
1322 840 1379 901 legit
1388 860 1394 889 ι
1402 842 1486 889 senatu
1495 843 1572 890 morit
1578 855 1635 890 erun
1642 841 1798 904 olimpium,

1018 941 1073 989 tum
1084 943 1111 990 1..
1129 940 1282 1002 Quinctium,
1296 940 1338 1003 qui
1351 943 1441 1003 septem
1453 944 1510 990 aufe
1525 942 1593 992 annis
1606 943 1689 991 consul
1706 943 1798 1002 fuerat,
1888 969 1892 980 ·

1022 1038 1096 1088 frater
1103 1038 1141 1101 (id
1149 1037 1215 1102 quod
1223 1038 1321 1100 gloriam
1330 1041 1366 1099 ei,
1376 1053 1450 1101 quam
1459 1041 1610 1101 consulatus,
1620 1040 1735 1103 maiorem
1743 1043 1800 1092 affe·

1022 1136 1106 1198 rebat)
1114 1141 1143 1186 T.
1154 1137 1258 1194 Quinctii
1268 1137 1392 1186 Flaminini
1400 1137 1461 1199 ejus,
1468 1137 1510 1200 qui
1520 1139 1653 1201 Philippum
1662 1139 1798 1188 debellavit.

1024 1237 1059 1301 (ι)
1067 1239 1159 1298 causa,
1168 1250 1212 1286 cur
1221 1251 1276 1286 eum
1289 1241 1374 1287 senatu
1387 1238 1495 1301 ejiceret,
1509 1239 1562 1288 haec
1570 1239 1622 1288 fuit.
1633 1243 1738 1288 Puerum
1749 1241 1799 1289 ele-

1022 1339 1118 1400 gantem
1132 1340 1158 1387 L.
1171 1338 1296 1394 Quinctius
1306 1352 1350 1400 pro
1359 1343 1527 1390 εωτιοιεοιιιιι
1535 1339 1638 1388 habebat
1649 1353 1743 1402 semper
1751 1341 1800 1388 cir·

146 1442 306 1508 θίθλεύκιος
317 1439 357 1498 ἀεὶ
371 1435 430 1516 περ)
442 1433 519 1492 αὑτὸν
529 1437 584 1511 εἰχε
596 1429 641 1489 καί
652 1429 808 1506 συνεπήγετο
823 1432 975 1507 στρατηγῶν
991 1438 1008 1478 a
1021 1437 1323 1500 eumducebatqueeumiu
1331 1439 1469 1499 magudam
1478 1452 1535 1488 cum
1542 1438 1802 1500 lauto,qmntonullus

198 1529 241 1590 ἐπί
254 1531 330 1605 τιμῆς
343 1523 387 1582 καί
401 1519 533 1598 δυνάμεως
544 1517 685 1588 τοσαύτης,
695 1515 757 1587 όσην
768 1515 848 1580 οὐδείς
858 1505 913 1592 εἰχε
924 1517 975 1574 τῶν

198 1617 307 1694 πρώτων
322 1613 385 1692 παρ’
396 1611 466 1689 αύτῷ
481 1607 561 1688 φίλων
572 1605 618 1664 καί
630 1604 740 1666 οἰκείων,
787 1606 816 1678 (3)
831 1603 976 1681 Ἐτύγχανε

200 1704 246 1782 μὲν
263 1695 306 1762 οὑν
321 1698 461 1778 ἡγούμενος
472 1697 599 1763 ὑπατικῆς
612 1691 745 1772 ἐπαρχίας·
759 1693 785 1749 ἐν
797 1688 824 1748 δέ
839 1688 976 1768 συμποσίῳ

161 1821 185 1859 ιτ
200 1795 248 1854 τινί
264 1792 293 1850 τὸ
311 1788 452 1870 μειράκιον,
463 1782 551 1862 Ιώσπερ
565 1782 661 1852 εἰώθει,
678 1777 913 1858 συγκατακείμενον
928 1777 974 1836 ἄλ·

199 1885 248 1953 λην
259 1903 286 1939 τε
299 1875 437 1937 κολακείαν
450 1871 527 1931 ἐκίνει
541 1869 603 1950 πρὸς
617 1868 660 1926 τδν
672 1867 806 1948 ἄνθρωπον
817 1869 843 1924 ἐν
857 1865 917 1944 οἰνῳ
930 1869 976 1944 ῥαγ-

200 1969 259 2034 δίως
273 1965 397 2043 οἰγόμενον
416 1959 460 2018 καί
474 1961 556 2039 ιριλεῐν
570 1955 646 2014 αὑτὸν
661 1954 742 2020 οὑτως
763 1952 849 2029 ἔλεγεν
871 1980 881 2004 ι
904 1951 976 2025 ὥστ,

200 2055 262 2134 ἔρη,
281 2053 339 2118 θέας
356 2049 433 2118 ούσης
449 2046 514 2105 οἴκοι
538 2042 695 2121 μονομάχων
707 2042 736 2099 ού
748 2037 899 2114 τεθεαμένος
913 2037 978 2118 πρό·

200 2165 271 2221 τερον
283 2139 419 2218 ἐξώρμησα
432 2133 495 2214 πρὸς
504 2131 549 2201 σὲ,
562 2131 656 2207 καίπερ
666 2129 797 2202 ἐπιθυμῶν
807 2129 869 2184 ἰδεῖν
882 2124 979 2204 άνθρω·

163 2257 190 2294 20
203 2253 250 2288 που
264 2225 448 2308 τραπόμενον.
460 2249 472 2274 υ
496 2223 525 2298 (ι)
539 2219 570 2278 Ὁ
585 2216 612 2276 δέ
627 2215 734 2289 Αεύκιος
748 2211 979 2293 ἀντιφιλορρονού-

1020 1545 1052 1582 ne
1060 1534 1235 1596 praecipuorum
1244 1532 1341 1595 quidem
1352 1533 1404 1595 qus
1411 1532 1565 1582 familiarium
1576 1534 1756 1595 aulicorumque
1765 1546 1801 1582 ce·

1020 1631 1168 1692 aethabitue,
1178 1630 1268 1680 honore
1275 1631 1299 1678 ct
1306 1630 1420 1692 potentia.
1436 1629 1469 1692 (3)
1477 1632 1607 1680 Fortetum
1614 1631 1697 1678 consul
1707 1630 1800 1693 provin·

1021 1726 1083 1775 ciam
1090 1726 1178 1775 obibat.
1189 1728 1216 1775 ln
1223 1723 1332 1773 convivio
1339 1723 1444 1785 quodam
1451 1737 1511 1786 puer
1518 1724 1537 1772 is
1544 1727 1676 1786 juxtaeurn
1683 1737 1801 1787 promere

1021 1823 1179 1884 accumbens,
1192 1824 1216 1872 et
1227 1821 1349 1870 hominem
1363 1821 1405 1883 qui
1424 1821 1486 1870 inter
1498 1821 1583 1882 pocula
1601 1820 1670 1869 facile
1685 1834 1735 1882 quo
1746 1820 1802 1882 quie

960 1952 967 1977 ‚
1021 1915 1803 1980 velletducisepatereturadulans,interallatantoseeJusamore

1021 2014 1098 2062 leucu
1107 2013 1180 2073 dixit,
1195 2015 1222 2061 ut
1231 2027 1308 2074 quum
1316 2011 1381 2060 domi
1394 2012 1444 2060 ludi
1454 2013 1532 2060 meent
1538 2011 1671 2074 gladiatorii
1680 2024 1741 2074 quus
1753 2011 1803 2072 ipse

1022 2123 1147 2172 nunquam
1155 2111 1283 2171 spectasset
1290 2146 1297 2170 ‚
1305 2111 1387 2158 tamen
1396 2108 1427 2157 nd
1436 2108 1514 2171 ipsum
1523 2109 1643 2169 profectus
1650 2109 1711 2155 esset
1719 2119 1803 2168 quam·

1024 2207 1060 2256 vie
1068 2206 1149 2256 videre
1159 2206 1281 2254 hominem
1291 2205 1353 2254 feriri
1363 2205 1515 2253 vehementer
1527 2205 1633 2265 cuperet.
1659 2203 1691 2262 (i)
1700 2201 1736 2250 Ad
1751 2202 1804 2251 liceo

202 2339 289 2394 μενος,
306 2340 318 2363 ι
337 2308 416 2370 illie
430 2306 519 2366 τούτου
540 2329 569 2383 γε
588 2304 675 2382 χάριν,
692 2293 763 2373 εἶπε,
779 2301 816 2376 μή
836 2324 879 2376 μοι
896 2299 979 2358 κατά·
1023 2305 1126 2366 Lucius,
1136 2304 1163 2351 uf
1171 2302 1247 2351 amori
1256 2314 1338 2350 amore
1346 2299 1514 2362 responderet:
1524 2298 1588 2348 ninii
1598 2300 1647 2358 εει,
1657 2297 1749 2361 inquit,
1759 2310 1803 2346 cur

201 2425 271 2460 κεισο
282 2396 452 2472 λυπούμενος,
461 2391 512 2470 ἐγώ
523 2392 573 2471 γάρ
583 2390 700 2464 ἰάσομαι.
717 2413 730 2439 ν
746 2390 777 2465 (ε)
792 2385 845 2446 Καὶ
854 2379 1010 2452 κελεύσαςί)
1022 2402 1148 2465 propterea
1158 2399 1248 2459 dolena,
1258 2398 1309 2459 ipee
1322 2398 1386 2445 enirn
1395 2396 1452 2444 huic
1461 2395 1549 2444 damno
1561 2394 1684 2444 medebor.
1717 2393 1750 2454 (5)
1763 2393 1801 2443 Si-

203 2489 248 2548 ἕνα
269 2492 320 2545 τῶν
345 2485 388 2543 ἐπὶ
411 2481 514 2560 θανάτῳ
538 2477 701 2556 κατακρίτων
727 2478 761 2541 εἰς
785 2472 815 2531 τό
835 2473 978 2550 συμπόσιον

202 2581 314 2655 ἀχθῆναι
325 2572 370 2631 καί
381 2570 425 2627 τὸν
442 2560 572 2646 ὑπηρέτην
584 2565 676 2644 ἔχοντα
691 2561 801 2620 πελεκυν
812 2565 979 2638 παραστῆναι

165 2687 190 2726 25
204 2666 282 2723 πάλιν
301 2659 421 2739 ἠρώτησε
432 2656 476 2714 τὸν
491 2652 631 2734 ἐρώμενον,
650 2653 673 2708 εἰ
687 2649 807 2730 βούλεται
821 2647 979 2724 τυπτόμενον

201 2753 351 2812 θεάσασθαι·
366 2745 494 2826 φήσαντος
512 2743 539 2798 δὲ
557 2739 694 2818 βούλεσθαι
710 2734 852 2817 προσέταξε
871 2742 916 2794 τοῦ
931 2737 980 2792 άν-

203 2836 305 2917 θρώπου
319 2834 361 2892 τὸν
373 2832 504 2912 τράχηλον
516 2827 656 2907 ἀποκόψαι.
699 2825 731 2902 (ο)
744 2827 778 2884 Οἱ
789 2822 834 2897 μὲν
848 2816 891 2880 σύν
905 2822 979 2880 πλεῖ-

203 2949 258 2984 στοι
272 2930 355 2982 ταῦτα
366 2924 510 2997 ἱστοροῦσι,
520 2915 565 2973 καί
577 2913 592 2971 ό
603 2937 631 2988 γε
646 2913 765 2990 Κικέρων
779 2907 856 2966 αὐτὸν
866 2910 908 2967 τὸν
923 2908 981 2969 Κοί-

202 3035 271 3070 τωνα
282 3007 448 3087 διηγούμενον
459 3008 484 3063 ἐν
496 3007 533 3083 τῷ
541 3002 600 3081 περ)
610 3000 695 3080 γήρως
708 2997 820 3078 διαλόγῳ
830 2997 980 3070 πεποίηκεν·

162 3119 190 3158 uu
203 3105 216 3158 ὑ
230 3099 257 3158 δέ
269 3097 359 3162 Λίόιος
373 3093 515 3169 αὐτόμολον
530 3081 595 3148 εἶναί
607 3111 669 3168 φησι
684 3084 805 3157 Γαλάτην
818 3084 862 3142 τόν
878 3089 981 3162 ἀναιρε-

203 3185 295 3262 θέντα,
310 3182 352 3241 τόν
364 3179 391 3238 δὲ
409 3179 517 3240 Λεύκιον
534 3177 562 3234 ού
575 3179 608 3232 δι’
623 3171 750 3251 ὑπηρέτου
764 3179 863 3228 κτεῖναι
877 3167 920 3227 τὸν
935 3170 980 3226 άν-

203 3280 313 3352 θρωπον,
327 3268 384 3327 ἀλλ’
402 3265 478 3324 αὐτὸν
491 3263 543 3342 ἰδίη
561 3261 644 3341 χειρί,
661 3258 801 3318 καὶταῦτα
817 3260 842 3315 ἐν
862 3260 898 3336 τῷ
912 3255 981 3336 λόγῳ

203 3359 346 3438 γεγράρθαι
362 3354 494 3418 Κάτωνος.
507 3353 538 3428 (7)
556 3345 741 3418 Ἐκόληθέντος
752 3335 796 3402 οὑν
810 3347 854 3401 τοῦ
870 3341 981 3403 Λευκίου

1024 2497 1075 2545 mul
1086 2507 1162 2543 unum
1171 2493 1201 2542 dc
1210 2492 1252 2553 iis,
1269 2492 1312 2554 qni
1322 2490 1428 2540 damnati
1440 2489 1524 2553 capitis
1534 2490 1616 2550 erant,
1629 2490 1655 2538 in
1667 2489 1804 2537 convivium

1023 2591 1153 2652 introduci,
1160 2591 1317 2651 fictoremque
1324 2601 1380 2636 cum
1387 2588 1462 2636 securi
1473 2585 1625 2647 astarejuasit
1636 2586 1805 2648 :percontatus

1024 2685 1080 2733 inde
1088 2685 1205 2732 amasium
1216 2696 1248 2731 au
1255 2683 1318 2732 feriri
1328 2682 1393 2730 hunc
1405 2682 1477 2730 vellet
1484 2680 1615 2740 ridere3ut
1622 2681 1643 2729 is
1651 2681 1744 2741 annuit,
1753 2681 1804 2728 col-

1024 2783 1079 2831 lum
1085 2781 1149 2830 illius
1155 2780 1229 2830 securi
1242 2779 1339 2842 praecidi
1349 2778 1483 2840 imperavit,
1494 2779 1528 2839 (6)
1536 2781 1587 2826 Hoc
1594 2777 1666 2826 modo
1674 2791 1750 2839 quum
1757 2778 1806 2839 ple·

1025 2879 1095 2941 rique
1101 2878 1141 2927 alii
1155 2891 1205 2926 rem
1219 2881 1298 2925 actam
1307 2875 1419 2935 tradunt,
1433 2878 1487 2924 tum
1499 2876 1523 2923 in
1532 2874 1667 2936 Dialogode
1680 2878 1804 2925 senectute

1025 2977 1110 3026 cicero
1126 2975 1204 3036 ipsum
1221 2976 1337 3024 Catonem
1356 2972 1390 3021 ila
1407 2974 1543 3021 narrantem
1561 2971 1704 3031 introducit;
1723 2972 1805 3022 livius

1025 3084 1097 3132 eum,
1106 3069 1148 3132 qui
1158 3069 1303 3128 occisussit,
1312 3068 1436 3130 perfugam
1447 3067 1545 3116 'Gallum
1557 3067 1641 3127 fuisse,
1651 3069 1676 3115 et
1685 3080 1742 3127 sua,
1757 3080 1805 3115 non

1024 3166 1115 3216 lictoris
1130 3179 1203 3214 mauu
1217 3163 1358 3222 Quinctium
1372 3163 1394 3212 ci
1410 3175 1493 3212 necem
1505 3161 1612 3210 intulisse
1623 3162 1709 3221 refert,
1724 3161 1806 3221 itaque

1025 3275 1076 3312 eesc
1082 3262 1107 3310 iu
1113 3261 1220 3310 oratione
1226 3259 1341 3320 scriptum
1347 3257 1420 3320 ipsius
1427 3257 1533 3306 Catonis.
1543 3256 1576 3316 (7)
1585 3255 1693 3316 Ejectum
1701 3257 1806 3303 senatua

1025 3359 1117 3407 carone
1125 3354 1227 3405 Lucium
1238 3353 1341 3416 graviter
1352 3353 1430 3402 ferens
1436 3355 1465 3400 T.
1475 3349 1635 3410 Flamininus,
1649 3348 1680 3397 ad
1689 3348 1806 3410 pupulum

203 3453 250 3518 τῆς
266 3446 358 3524 βουλῆς
369 3441 421 3500 tal
439 3445 483 3498 τοῦ
500 3437 621 3502 ((0)ῑωίος
636 3438 650 3492 ἰ
665 3431 773 3512 ἀδελφὸς
791 3433 868 3488 αὐτοῦ
884 3429 983 3509 papio<
1026 3451 1146 3514 confugit,
1165 3462 1310 3511 causamque
1326 3448 1394 3509 electi
1407 3447 1486 3495 fratris
1503 3445 1583 3494 dicere
1597 3446 1713 3495 Catonem
1725 3443 1804 3504 jussit.

165 3555 191 3596 3ο
207 3533 289 3616 φέρων
302 3533 345 3592 ἐπί
355 3531 397 3589 τὸν
410 3531 492 3604 δῆμον
503 3524 644 3605 κατέφευγε
653 3520 698 3579 καί
710 3520 756 3590 τὴν
770 3517 855 3575 αἰτίαν
868 3517 983 3575 ἐκέλευεν
998 3541 1015 3581 c
1026 3549 1060 3610 (ὃ)
1069 3549 1128 3596 0310
1138 3545 1276 3594 convivium
1286 3543 1345 3591 Μ
1354 3541 1436 3590 retuli,
1444 3542 1516 3602 atque
1523 3539 1645 3601 exposuit,
1657 3540 1681 3587 ,γ
1692 3542 1718 3586 L·
1729 3538 1805 3595 Quin·

206 3623 285 3680 εἰπεῖν
302 3620 345 3678 τὸν
362 3617 475 3677 Κάτωνα
489 3618 534 3685 τῆς
547 3611 664 3680 ἐκύολῆς.
708 3609 741 3684 (a)
757 3604 881 3670 Εἰπόντος
896 3604 922 3661 δέ
937 3603 982 3661 καὶ

205 3704 398 3786 διηγησαμένου
415 3701 444 3759 τὸ
465 3698 607 3776 συμπόσιον
630 3694 758 3775 ἐπεχείρει
773 3691 819 3769 μὲν
839 3697 853 3749 ὑ
874 3689 981 3756 Αεύκιος

205 3797 349 3874 ἀρνεῖσθαι,
365 3786 576 3868 προκαλουμένου
587 3784 613 3842 δὲ
623 3790 667 3841 τοῦ
682 3782 804 3846 Κάτωνος
815 3782 849 3845 εἰς
859 3777 983 3859 ὑρκισμδν

205 3881 332 3939 ἀνεδύετο.
375 3881 406 3954 (υ)
422 3865 475 3934 Καί
489 3873 546 3931 τότε
561 3869 608 3949 μὲν
624 3869 682 3937 ἄξια
701 3868 793 3926 παθεῖν
804 3865 980 3942 κατεγνώσθη·

165 3991 191 4030 ιο
204 3967 263 4034 θέας
277 3968 298 4024 δ’
313 3964 390 4036 ούσης
402 3965 428 4020 ἐν
441 3961 540 4040 θεάτρῳ
552 3959 598 4028 τὴν
609 3953 736 4025 ὑπατικὴν
746 3952 835 4033 χώραν
846 3951 981 4032 παρελθών

204 4055 249 4114 καί
261 4051 421 4133 πορρωτάτω
432 4072 482 4106 που
496 4045 626 4110 καθεσθείς
639 4034 722 4102 οἰκτου
735 4041 794 4119 ἔσχε
806 4039 878 4118 παρθι
888 4044 925 4119 τῷ
936 4039 982 4110 δη-

206 4166 247 4221 μιρ
261 4141 306 4199 καί
318 4143 425 4218 βοῶντες
436 4135 587 4210 ἠνάγκασαν
602 4130 678 4188 αὐτὸν
695 4131 836 4202 μετελθεῖν,
849 4129 883 4193 ώς
896 4119 925 4197 ἦν
938 4129 982 4184 δυ-

205 4229 280 4287 νατὸν
291 4223 505 4306 ἐπανορθούμενοι
515 4219 559 4278 καί
570 4216 752 4296 θεραπεύοντες
761 4214 790 4272 τὸ
801 4213 981 4292 γεγενημένον.

207 4321 249 4395 (ιο)
269 4316 361 4375 Ἄλλον
386 4311 413 4370 δέ
438 4312 530 4388 βουλῆς
551 4305 670 4374 ἐξέύαλεν
690 4301 842 4360 ὑπατεύσειν
868 4299 982 4366 ἐπίδοξον

164 4429 191 4469 ιι,
205 4405 279 4477 ὄντα,
294 4400 451 4472 Μανίλλιον,
467 4395 506 4454 ότι
519 4391 566 4464 τὴν
586 4396 663 4449 αὑτοῦ
678 4395 789 4468 γυναῖκα
810 4385 865 4463 μεθ’
882 4385 983 4465 ἡμέραν

205 4491 305 4572 δρώσης
322 4493 369 4558 τῆς
391 4483 515 4562 θυγατρδς
535 4479 716 4560 κατεφίλησεν·
732 4477 803 4552 αὑτῷ
824 4473 846 4530 δ’
866 4472 915 4551 ἔρη
938 4461 1017 4542 πλνιί

207 4587 315 4657 γυναῖκα
325 4573 455 4653 μηδέποτε
467 4569 535 4640 πλὴν
547 4571 654 4648 βροντῆς
666 4561 781 4640 μεγάλης
790 4561 930 4667 γενομένηη
937 4582 985 4668 rte!-

206 4667 364 4748 ριπλακῆναι
375 4660 420 4718 καί
434 4657 500 4736 μετδι
515 4657 619 4720 παιδιᾶς
631 4655 712 4710 εἰπεῖν
723 4648 799 4706 αὐτὸν
811 4651 846 4713 ὡς
859 4669 984 4726 μακαριος

204 4759 259 4814 ἐστι
278 4759 322 4812 τοῦ
336 4749 395 4815 Διὸς
410 4749 575 4827 βροντῶντος.

165 4869 191 4908 uu
245 4843 354 4904 XVlll.
375 4834 487 4914 Ἤνεγκε
505 4832 533 4891 δέ
546 4852 604 4888 τινα
616 4831 652 4908 τῷ
670 4823 776 4886 Κάτωνι
790 4821 835 4881 καί
849 4819 955 4886 Λεύκιος
969 4822 983 4877 θ

205 4927 357 5001 Σκηπίωνος
369 4922 476 5004 ἀδελιρδς
487 4919 620 5000 ἐπίφθονον
634 4913 729 4985 αἰτίαν,
739 4907 891 4990 θριαμύικὸς
903 4905 981 4985 ἀνὴρ,

205 5015 349 5101 άραιρεθείς
360 5016 403 5072 ὑπ’
419 5013 497 5069 αὐτοῦ
508 5007 551 5066 τὸν
563 5004 652 5063 ἰππον·
669 4999 738 5067 ἔδοξε
753 4997 804 5076 γάρ
816 4988 867 5054 οἷον
878 4992 984 5076 ἐρυθρί-

206 5114 254 5176 ζων
268 5103 412 5186 Ἀφρικανῷ
425 5095 559 5169 Σκηπίωνι
573 5098 649 5151 τοῦτο
665 5091 783 5158 ποιῆσαι.
825 5086 855 5160 (α)
874 5081 942 5146 Τοὺς
956 5078 983 5137 δὲ

204 5195 338 5258 πλείστους
345 5188 436 5262 ἠνίασε
445 5183 560 5262 μάλιστα
572 5185 603 5260 τῇ
615 5180 745 5260 περικοπῇ
754 5177 798 5245 τῆς
805 5168 982 5242 πολυτελείας,

1026 3640 1074 3692 ctio
1083 3644 1170 3692 infitias
1179 3643 1259 3701 eunte,
1271 3642 1344 3700 cato,
1358 3640 1386 3686 ut
1396 3637 1521 3699 sponsione
1530 3649 1555 3683 se
1562 3633 1713 3693 defenderet,
1724 3633 1807 3694 postu·

1026 3744 1099 3804 lavit;
1112 3741 1178 3805 quod
1195 3740 1235 3789 ilie
1252 3737 1381 3786 recusarit.
1415 3735 1448 3796 (9)
1465 3735 1551 3805 ¹ltaque
1565 3732 1619 3794 jure
1636 3734 1695 3778 tunc
1710 3728 1808 3791 quidem

1026 3842 1124 3890 notatus
1133 3839 1204 3888 fuisse
1214 3836 1318 3886 creditus
1327 3836 1376 3900 μείς
1386 3832 1428 3882 sed
1437 3844 1512 3893 quum
1522 3830 1576 3891 post
1583 3829 1606 3877 in
1614 3829 1708 3876 theatro
1718 3827 1807 3887 specia-

1027 3937 1082 3985 cula
1091 3934 1260 3984 exhiberentur
1267 3932 1292 3979 et
1302 3929 1389 3978 Lucius
1398 3925 1519 3989 praeterito
1530 3925 1583 3973 luco
1593 3922 1712 3971 consulari
1721 3921 1806 3981 longis·

959 4039 966 4062 '
1025 4033 1085 4082 sime
1096 4031 1152 4081 iude
1163 4028 1319 4088 consuisset,
1331 4027 1412 4074 mutus
1425 4021 1586 4072 misericordia
1596 4019 1699 4082 populus
1712 4016 1807 4064 sublato

1026 4130 1140 4188 elamore,
1150 4126 1181 4174 ad
1189 4127 1271 4174 lucum
1278 4135 1334 4173 eum
1341 4135 1411 4170 suum
1419 4118 1497 4167 redire
1507 4116 1593 4178 megit,
1603 4117 1736 4175 utcumque
1743 4112 1808 4172 igno·

1027 4225 1101 4273 minia
1112 4235 1169 4272 eum
1178 4222 1276 4282 accepta
1284 4219 1396 4267 liberans.
1429 4215 1479 4278 (fo)
1487 4213 1611 4263 Manilium
1620 4223 1708 4272 porro,
1718 4221 1807 4256 cunsu-

1027 4321 1086 4370 latui
1094 4324 1158 4381 jam,
1168 4321 1196 4366 ut
1207 4315 1358 4374 credebatur,
1369 4311 1546 4374 propinquum,
1554 4310 1637 4358 senatu
1647 4307 1732 4367 movit,
1741 4304 1808 4367 quud

1028 4413 1174 4474 isinterdiu,
1186 4412 1282 4460 vidente
1294 4409 1357 4469 filia,
1369 4419 1470 4455 uxorem
1482 4409 1542 4454 eeeet
1553 4405 1687 4463 osculatum
1697 4401 1742 4451 sihi
1751 4401 1807 4463 qui-

1028 4512 1084 4560 dem
1094 4521 1244 4571 nunqnama
1258 4505 1359 4554 muliere
1375 4503 1512 4564 amplexum
1527 4501 1604 4550 latum
1622 4499 1748 4558 narrabat,
1763 4497 1808 4546 nisi

1029 4620 1105 4669 quum
1112 4605 1240 4654 vehemens
1253 4601 1345 4650 tonitru
1357 4599 1498 4659 exstitisset,
1506 4609 1579 4658 aeque
1589 4595 1644 4657 joco
1656 4595 1754 4643 solitum
1770 4593 1807 4641 di·

1029 4716 1084 4752 cere
1090 4739 1097 4764 ,
1107 4705 1167 4751 Jove
1180 4700 1278 4748 tonante
1286 4711 1312 4746 se
1321 4696 1415 4745 felicem
1424 4707 1484 4743 cese.

1058 4826 1147 4875 xviii.
1164 4820 1264 4872 formio
1275 4819 1347 4868 etiam
1359 4817 1384 4866 id
1395 4814 1479 4864 Catoni
1490 4814 1550 4875 fuit,
1561 4811 1627 4875 quod
1642 4813 1669 4860 l..
1687 4810 1806 4873 Scipioni,

1029 4941 1131 4992 Africani
1141 4937 1221 4998 fratri,
1232 4932 1373 4996 triumphali
1387 4931 1440 4980 niro
1456 4940 1546 4990 equum
1561 4925 1667 4975 ademit:
1680 4923 1808 4973 videbatur

1027 5056 1091 5105 enim
1100 5053 1180 5102 hocin
1189 5046 1359 5099 contumeliam
1367 5049 1394 5094 P.
1404 5041 1520 5103 scipionia
1529 5041 1613 5088 facere.
1632 5039 1665 5100 (a)
1678 5037 1807 5098 Plerosque

1027 5174 1109 5222 autem
1117 5167 1222 5217 maxime
1233 5163 1293 5211 luxu
1305 5160 1427 5221 amputato
1436 5153 1544 5205 offendit.
1554 5153 1635 5203 Palam
1643 5148 1741 5212 quidem
1750 5158 1806 5196 eum
