4125 6109
249 348 304 399 tol
965 339 1107 399 ΣΟΛΩΝ.

246 467 359 539 νήσαντο
369 464 471 546 χώρας·
484 454 541 524 εἶτα
551 468 597 523 τοῦ
607 464 734 542 δόγματος
745 463 917 544 ἐξενεχθέντος
930 464 964 525 τδι
973 465 1020 542 μὲν
1065 481 1121 527 runt
1131 492 1138 526 ε
1150 480 1205 540 post
1216 478 1311 531 decreto
1320 482 1453 545 publicato,
1463 496 1518 533 cum
1532 484 1577 547 ipsi
1585 484 1675 536 lmctus
1685 500 1714 536 er
1725 488 1852 551 agrisper·

246 554 369 632 κτήματοι
383 551 571 631 καρπούμενοι,
584 550 618 610 τὰ
632 552 659 610 δὲ
671 551 797 632 χρήματα
809 553 861 619 τοῖς
874 552 1022 611 δανείσασιν
1066 564 1171 626 ciperani
1181 601 1189 626 ,
1200 566 1357 618 creditoribus
1367 574 1447 619 numm
1457 569 1565 620 debiturn
1577 586 1624 621 non
1640 572 1779 635 redemi,
1797 587 1852 623 rna·

246 644 293 700 οὐκ
308 640 485 709 ἀποδιδόντες,
504 640 539 703 είς
559 635 643 695 οίτίοῑν
657 638 701 695 τὸν
715 638 825 697 Σόλωνα
840 639 958 716 μεγάλην
977 638 1021 696 καί
1067 652 1118 711 gnis
1125 652 1263 703 criminibus
1272 654 1446 719 calumniisque
1454 657 1565 707 Solonem
1573 659 1721 722 objecerunt,
1730 664 1851 723 tanquam

246 724 380 798 διαύολὴν,
390 723 514 803 ὥσπερού
524 723 749 799 συναδικούμενον,
759 722 827 781 ἀλλὰ
837 726 1022 784 συναδικοῦντα
1067 748 1115 785 non
1128 735 1245 796 terendae,
1258 738 1299 787 scd
1319 738 1432 789 faciende
1449 741 1541 803 injuriae
1553 744 1670 806 particeps
1687 745 1739 807 ipsc
1750 746 1849 796 luisset.

213 840 227 879 ς
247 812 422 883 κατέστησαν.
465 814 510 889 (tt)
523 808 604 869 ’λλλδι
614 816 690 869 τοῦτο
702 811 749 887 μέν
763 810 835 877 εὐθὺς
849 812 926 883 ἐλύθη
940 811 969 870 τὸ
981 810 1023 890 ἔγ·
1069 823 1117 885 (ll)
1129 825 1196 872 lianc
1208 830 1286 873 tamen
1298 824 1419 876 infamiam
1436 828 1488 891 ipse
1505 830 1587 878 statim
1598 830 1681 893 diluit,
1695 832 1802 895 quinque
1811 838 1851 882 ta-

248 902 338 976 κλημα
358 907 408 966 τοῖς
419 897 496 956 πέντε
514 897 662 963 ταλοίντοις·
673 903 787 956 τοσαῦτα
803 897 854 978 γδιρ
873 898 965 980 εὑρέθη
977 900 1024 956 δα·
1037 907 1044 914 ’
1069 909 1140 958 lentis
1152 908 1198 971 (tol
1210 912 1274 960 enim
1284 912 1305 963 ei
1320 912 1476 977 debebantur)
1487 917 1617 965 secundnm
1628 917 1759 980 legemase
1771 920 1853 983 primo

168 1022 175 1033 ·
248 988 335 1055 νείζων
350 986 394 1045 καλ
406 992 490 1045 ταῦτα
501 988 602 1064 πρῶτος
614 986 698 1065 ἀρ’ἠκε
713 985 781 1043 κατὰ
792 985 835 1044 τὸν
848 985 935 1062 νόμον.
979 986 1023 1061 (ια)
1068 996 1176 1045 omnium
1193 997 1343 1049 condonatis.
1377 1001 1851 1069 (12)Qnidom,iuqulbusestl²olpze·

247 1075 333 1135 Ἔνιοι
347 1073 571 1133 &incursitatione
586 1071 713 1148 λέγουσιν,
729 1064 764 1131 ὧν
778 1074 823 1132 καὶ
837 1072 987 1146 Πολύζηλος
1008 1062 1106 1131 ebrus
1120 1082 1240 1145 Rhodius,
1252 1085 1389 1148 quindecim
1399 1087 1487 1137 talente
1498 1089 1523 1138 in
1536 1090 1671 1140 nominibus
1681 1092 1794 1142 babuisse
1805 1097 1850 1143 so·

248 1161 350 1229 Ῥόδιός
361 1165 424 1222 ἐστι.
465 1160 534 1226 Tot<
549 1157 636 1237 μέντοι
654 1160 742 1242 ριλους
756 1162 833 1219 αὐτοῦ
847 1160 1024 1241 χρεωκοπίδας
1068 1168 1148 1219 lonem
1165 1170 1288 1233 scribunt3
1301 1173 1371 1222 amici
1383 1186 1440 1223 uero
1451 1175 1503 1236 eius
1512 1188 1606 1239 semper
1616 1177 1772 1241 χρεωκοπίδσι
1782 1216 1789 1239 ,
1801 1178 1852 1229 ltoc

210 1270 236 1308 to
248 1252 384 1317 καλοῦντες
400 1247 555 1307 διετέλεσαν.
1056 1257 1107 1319 ,οτι
1117 1268 1243 1306 novarum
1254 1258 1406 1309 tabularum
1415 1264 1545 1323 auctores,
1558 1264 1717 1325 cognominati
1729 1270 1794 1313 sont.

288 1340 368 1397 XVI.
389 1336 487 1416 Ἤρεσε
500 1336 522 1394 δ’
535 1333 689 1412 οὐδετέροις,
704 1336 761 1392 ἀλλ’
775 1336 890 1408 ἐλύπησε
910 1334 1025 1402 καὶτοὺς
1098 1344 1167 1392 xvl.
1182 1344 1281 1393 Interim
1293 1345 1364 1395 Solon
1375 1346 1454 1395 nentri
1464 1347 1559 1397 factioni
1576 1349 1705 1411 placebat:
1720 1350 1762 1400 sed
1778 1356 1804 1401 et
1814 1351 1850 1400 di·

248 1423 385 1491 πλουσίους
398 1422 496 1481 σἰνελδιν
514 1420 548 1479 ad
566 1421 715 1500 συμὸολαια
734 1421 779 1480 καὶ
794 1425 892 1499 μᾶλλον
915 1422 952 1480 ἔτι
964 1421 1023 1488 τοὺς
1071 1428 1132 1478 tiles
1144 1429 1244 1479 sublatis
1256 1432 1406 1493 pactionibus
1414 1432 1594 1495 ollendebat,et
1604 1450 1731 1499 pauperes,
1742 1438 1807 1500 quod
1818 1438 1852 1487 ab

248 1511 376 1589 πένητας,
397 1510 436 1569 δτι
451 1516 499 1587 γῆς
519 1508 668 1586 ἀναδασμὸν
684 1511 730 1569 ούκ
747 1509 867 1581 ἐποίησεν
888 1508 1023 1567 ἐλπίσασιν
1071 1515 1101 1565 iis
1113 1520 1230 1579 speratam
1249 1520 1365 1580 agrariam
1382 1520 1456 1582 legem
1468 1535 1515 1570 uon
1534 1522 1641 1584 iniisset,
1659 1537 1736 1587 nequo
1748 1525 1851 1575 eundem

249 1602 348 1671 αὒτοῖς,
363 1597 421 1657 οὐδὲ
441 1596 621 1673 παντάπασιν,
636 1595 753 1676 ὦσπερύ
773 1601 937 1675 Λυκοῦργος,
958 1600 1024 1673 δμα·
1071 1614 1143 1663 quam
1155 1604 1278 1665 Lycurgus
1288 1604 1343 1655 vitre
1352 1607 1512 1669 equalitatem
1524 1608 1676 1660 instituisset
1710 1611 1852 1673 (t)sedbic

212 1702 237 1740 ιο
249 1686 307 1752 tob<
318 1690 369 1752 τοῖς
382 1685 446 1766 βίοις
459 1683 582 1751 καλέσσας
593 1683 762 1754 κατέστησεν.
805 1684 836 1760 (a)
851 1683 919 1743 Ἀλλ’
931 1685 1025 1749 ἐκεῖνος
1069 1688 1166 1751 quidem
1184 1689 1325 1741 undecimus
1341 1692 1372 1741 ab
1383 1694 1483 1745 llercule
1494 1708 1549 1744 cum
1566 1702 1630 1747 esset
1640 1698 1771 1759 multisque
1781 1699 1852 1749 annis

251 1773 297 1851 μέν
318 1775 452 1839 ἑνδέκατος
469 1771 505 1831 ὢν
530 1774 574 1852 ἄρ’
595 1770 755 1851 Ἡρακλέους
768 1770 812 1829 καὶ
834 1768 1025 1849 βεύασιλευκὼς
1069 1775 1780 1844 lacedemoneregnassenmaguenauetoriratam,amicos
1788 1786 1850 1835 mul·

250 1858 296 1932 ἐιη
310 1859 396 1919 πολλδι
408 1865 455 1933 τῆς
469 1858 662 1935 Λακεδαίμονος
677 1857 779 1935 ἀξίωμα
794 1857 862 1935 μέγα
876 1856 921 1915 κοιλ
937 1858 1026 1939 ριλους
1070 1866 1107 1911 tos
1118 1874 1146 1911 oo
1158 1866 1301 1927 potentiam,
1316 1867 1411 1928 quaeiis
1425 1881 1479 1930 quae
1491 1870 1603 1932 preeolare
1621 1870 1651 1919 de
1663 1872 1784 1933 republica
1803 1876 1850 1921 sta·

250 1947 295 2006 ιιαὶ
309 1947 426 2025 δύναμιν,
440 1938 477 2013 οἷς
494 1945 560 2023 ἔγνω
571 1948 658 2013 καλῶς
670 1945 729 2025 περὶ
742 1950 789 2016 τῆς
801 1944 944 2014 πολιτείας,
958 1946 1025 2014 ὖτιη·
1071 1949 1157 1999 ruisset
1167 1952 1326 2014 exsequendis
1334 1954 1509 2017 suppeditaret,
1530 1957 1630 2007 babuit:
1652 1959 1757 2020 laqueti
1774 1960 1850 2021 megla

251 2039 373 2113 ρετοῢσαν
393 2024 448 2113 είχε
468 2032 513 2091 καί
531 2031 574 2114 βίσρ
593 2034 692 2110 μᾶλλον
713 2031 729 2103 ἢ
748 2032 833 2090 πειθοῖ
848 2029 1026 2110 χρησάμενος,
1071 2050 1143 2097 qoam
1154 2039 1319 2100 persuadendo
1331 2054 1403 2101 usus,
1414 2042 1447 2091 ita
1459 2047 1485 2092 ul
1497 2042 1814 2107 oculumquoqueamiserit
1825 2048 1851 2096 in

210 2148 238 2186 σο
251 2122 318 2180 ὥστε
338 2122 383 2179 καὶ
402 2122 446 2179 τὸν
465 2121 596 2202 ὀρθαλμδν
611 2123 765 2192 ἐκκοπῆναι,
786 2118 977 2196 κατειργάσατο
997 2116 1026 2175 rb
1040 2132 1057 2172 c
1069 2125 1233 2186 contentione,
1253 2126 1277 2195 id
1292 2127 1406 2188 coniecit,
1417 2128 1482 2190 quod
1498 2128 1640 2179 adsalutem
1655 2131 1681 2179 et
1699 2129 1851 2179 concordiam

252 2208 372 2286 μέγιστον
387 2212 421 2274 εἷς
443 2206 573 2287 σωτηρίαν
593 2206 693 2272 πόλεως
715 2206 761 2264 καὶ
781 2204 911 2281 ὁμόνοιαν,
928 2203 1026 2281 μηδένα
1072 2211 1159 2260 civium
1179 2212 1279 2263 iaciebat
1296 2215 1412 2275 maxime,
1430 2220 1457 2265 ut
1468 2228 1539 2264 nemo
1557 2216 1670 2265 intereos
1687 2216 1755 2265 dites
1774 2221 1851 2278 esset,

252 2295 350 2367 πένητα
364 2294 431 2371 μηδὲ
444 2294 566 2352 πλούσιον
580 2283 646 2351 εἶναι
661 2296 712 2351 τῶν
727 2295 849 2351 πολιτῶν·
891 2293 921 2369 (a)
937 2291 1042 2367 Σόλων
1071 2311 1142 2347 nemo
1154 2312 1251 2362 pauper.
1285 2301 1320 2363 (³)
1333 2304 1365 2351 at
1374 2302 1445 2351 Solon
1453 2302 1477 2351 id
1489 2303 1585 2365 quidem
1593 2308 1851 2365 consecutusncuest,

152 2422 155 2427 -
252 2380 279 2440 δέ
293 2381 383 2441 τούτου
399 2380 446 2457 μὲν
459 2382 506 2438 οὐκ
526 2380 627 2460 ἐφίκετο
648 2384 682 2458 τῇ
705 2380 823 2458 πολιτείᾳ
840 2375 978 2456 δημοτικὸς
992 2376 1028 2436 διν
1072 2384 1201 2449 dopopnlo
1220 2401 1282 2437 unus
1296 2402 1323 2437 ac
1343 2389 1416 2438 medii
1435 2393 1513 2439 status
1532 2391 1604 2440 bomo
1623 2411 1629 2439 ι
1647 2376 1706 2441 nibil
1725 2396 1804 2440 mmen
1823 2405 1852 2440 ea

253 2469 299 2527 καὶ
313 2469 406 2547 μέσος,
421 2468 581 2548 ἐνδεέστερον
601 2466 629 2525 δέ
648 2472 694 2538 τῆς
711 2466 877 2545 ὑπαρχούσης
895 2465 1029 2543 δυνάμεως
1072 2486 1144 2535 quam
1153 2472 1274 2524 obtinebat
1281 2475 1386 2537 potentia
1397 2476 1496 2525 interius
1506 2477 1565 2538 egit,
1576 2490 1632 2527 cum
1642 2478 1739 2540 quidem
1748 2478 1771 2528 ei
1783 2478 1852 2527 nulla

214 2574 240 2613 att
252 2557 325 2615 οὐδὲν
339 2555 457 2637 ἔπραξεν,
471 2553 619 2635 ὁρμώμενος
633 2557 663 2613 ἐκ
676 2554 756 2632 μόνου
769 2560 814 2611 τοῦ
832 2553 968 2633 βούλεσθαι
983 2552 1028 2610 καί
1073 2562 1293 2623 ριωθεεοοαοίίίιιια
1302 2564 1326 2613 et
1335 2563 1408 2613 iidem
1418 2564 1481 2626 apud
1492 2564 1555 2615 circs
1566 2564 1674 2626 presidia
1684 2566 1781 2615 luerint.
1814 2565 1851 2627 (t)

253 2643 382 2703 πιστεύειν
394 2646 465 2724 αὐτῷ
475 2642 533 2710 τοὺς
549 2641 666 2709 πολίτας.
707 2641 740 2722 (ι)
756 2640 821 2701 Ὅτι
837 2641 859 2698 δ’
877 2632 920 2699 σύν
936 2639 1030 2721 προτί·
1074 2646 1144 2704 Quod
1153 2650 1308 2707 incurreritio
1319 2650 1486 2714 plerorumque
1496 2650 1651 2713 ostensiones,
1663 2652 1756 2703 diversa
1767 2664 1852 2715 exspe-

253 2753 347 2809 κρουσε
373 2739 426 2796 τοῖς
451 2728 581 2795 πλείστοις
607 2729 683 2808 ἕτερα
708 2728 928 2808 προσδοκήσασιν,
954 2727 1030 2793 αιἰτδς
1074 2735 1205 2797 ciantium,
1218 2736 1269 2799 ipse
1280 2736 1310 2786 de
1319 2737 1354 2787 eis
1364 2737 1414 2787 ait:

254 2817 341 2897 είρηκε
350 2818 410 2898 περὶ
422 2818 517 2889 αὐτῶν,
531 2819 566 2882 ὣς

213 2965 241 3006 an
316 2953 395 3002 Χαῦνα
407 2953 447 3016 μὲν
457 2952 506 3001 τότ’
518 2952 657 3014 ἐρρύσαντο,
668 2956 708 3000 νῦν
717 2952 741 3000 δέ
753 2967 792 3013 μοι
802 2952 937 3014 χολούμενοι
1127 2958 1242 3003 Gaudium
1253 2958 1363 3014 putabant
1373 2961 1425 3004 ante
1436 2970 1472 3003 me
1484 2970 1552 3004 suum
1563 2973 1568 3003 z
1579 2959 1662 3004 lnlenal
1673 2959 1730 3004 mlbl

315 3025 379 3080 λοξὸν
402 3022 524 3087 ὀφθαλμοῖο
536 3024 608 3084 ὁρῶσί
619 3022 703 3078 πάντες
712 3023 774 3071 ὧοτῑ
785 3022 855 3080 δήιον·
1129 3048 1191 3083 uonc
1202 3039 1228 3082 ut
1238 3036 1325 3082 bostem
1335 3037 1435 3092 obliquis
1444 3038 1562 3083 intuentur
1571 3038 1643 3083 oculis
1654 3049 1689 3083 me
1699 3048 1775 3083 suunt.

256 3159 349 3219 Καίτοι
365 3159 455 3240 ρησλν,
470 3162 517 3231 ὡς,
532 3157 605 3225 εἴτις
619 3157 697 3225 ἄλλος
711 3158 773 3238 ἔσχε
791 3157 838 3228 τὴν
853 3158 933 3229 αὐτὴν
952 3156 1029 3216 δύνα.
1075 3156 1330 3221 ltemqrreaidrnrat,si
1338 3158 1453 3221 quispiam
1461 3158 1523 3208 alius
1531 3157 1630 3209 eandem
1638 3156 1763 3221 potentiam
1771 3155 1854 3204 nanetus

256 3269 312 3325 μιν,
1044 3242 1063 3306 d
1078 3242 1175 3303 luisset,

316 3382 373 3431 Odr'
382 3383 410 3430 ἂν
422 3382 522 3444 κατέσχε
531 3382 602 3444 θυμδν
611 3382 660 3430 οὔτ’
671 3382 804 3442 ἐπαύσατο,
1129 3376 1180 3420 non
1192 3376 1337 3431 temperasset
1347 3379 1387 3422 aut
1395 3378 1514 3427 emanaret.
1526 3386 1597 3432 quem
1606 3374 1685 3439 parur,

317 3452 371 3514 πρὶν
380 3453 408 3499 ἂν
417 3451 515 3514 ταράξας
525 3456 582 3514 πῖαρ
594 3452 657 3513 ἐξέλῃ
668 3452 736 3513 γάλα.
1130 3453 1273 3499 tumultuans
1282 3454 1318 3499 lac
1326 3456 1410 3510 pingue
1418 3456 1539 3499 exemlsset
1547 3454 1599 3499 albi.

216 3602 242 3644 ²⁶
257 3580 289 3658 (ο)
301 3578 379 3658 Ταχὺ
400 3578 487 3656 μέντοι
504 3585 549 3639 τοῦ
568 3581 741 3661 συμφέροντος
761 3580 908 3659 οίοθόμονον
921 3581 967 3641 καί
986 3581 1033 3651 vde
1078 3603 1111 3666 (ο)
1121 3606 1177 3653 llox
1188 3606 1269 3653 tameo
1279 3600 1325 3663 ipsi
1336 3614 1404 3651 auam
1416 3601 1542 3652 utilitatem
1558 3602 1703 3663 sentientes,
1712 3600 1807 3651 omissis
1819 3613 1855 3648 re·

258 3666 324 3732 ἰδίας
339 3669 422 3724 αὑτῶν
439 3665 550 3747 μέμψεις
564 3666 668 3774 &wassss
681 3667 774 3771 {⁰⁰⁶4}
790 3690 819 3726 τε
835 3672 922 3747 '‘mlii'’
937 3669 1032 3728 ΣΕῑίέ·
1076 3698 1274 3760 prelrensinnibus
1290 3698 1384 3762 publice
1401 3698 1576 3759 sacrificarunt,
1588 3698 1653 3762 quod
1670 3696 1810 3747 sacrificium
1821 3698 1854 3745 Si·

256 3759 346 3831 χθεω
355 3752 403 3824 ’ἢν
411 3752 500 3811 θυσίαν
509 3756 682 3830 ὀνομασαντες
693 3753 738 3811 καὶ
749 3776 793 3811 τον
803 3752 912 3813 mm
923 3758 970 3825 τῆς
984 3778 1033 3813 “⁰⁸
1076 3794 1206 3845 sacbtlriam
1214 3794 1333 3854 dixerunt,
1341 3794 1450 3844 Solonem
1458 3796 1538 3843 autem
1545 3793 1680 3856 reipublice
1687 3796 1854 3851 correctorem,

257 3837 353 3906 λιτείας
367 3838 506 3920 διορθωτὴν
519 3839 564 3898 καί
575 3844 653 3916 νομοθ

219 3924 1035 4091 ωΞζηῖρίἶξὶἑιῖἐὲἔρίῗίέζὲῖἷςᾚρῗρίὲηνᾷῗὲἓρτξῗέξέ
1077 3966 1855 4045 potestati‚aliaeximentes,sedliberemagiatrntusmoncinnes,

259 4122 321 4158 που
341 4098 386 4158 καὶ
406 4098 515 4178 ρρρμὸ,
532 4098 577 4157 καὶ
590 4099 679 4179 καιρὸν
698 4100 798 4179 epten,
812 4098 908 4159 λύοντα
926 4100 972 4159 καὶ
985 4124 1034 4181 φυ-
1075 4078 1176 4141 iudicia,
1193 4080 1302 4139 masilia,
1315 4080 1400 4128 borum
1412 4079 1559 4175 singulorum
1575 4078 1727 4139 dignitatem,
1739 4076 1855 4140 pretium,

259 4185 387 4245 λέποντα
404 4188 456 4245 τῶν
475 4186 644 4266 ὑπαρχόντων
657 4186 703 4245 καὶ
721 4188 890 4246 καθεστώτων
910 4187 926 4246 ὅ
946 4211 971 4246 τ,
991 4190 1035 4245 30,
1077 4186 1218 4234 numemm‚
1230 4178 1338 4236 tempus,
1351 4178 1377 4222 ut
1386 4174 1438 4236 eius
1447 4173 1545 4223 arbitrio
1554 4172 1633 4222 omnia
1643 4172 1681 4221 rel
1691 4169 1856 4233 abrogarentur

259 4271 328 4343 κοίη.
1078 4270 1118 4321 rel
1127 4274 1287 4329 servarentur,
1297 4269 1473 4319 concesscmnt.

300 4360 388 4419 xvll.
403 4361 513 4436 Πρῶτον
522 4356 569 4435 μὲν
579 4348 623 4417 ούν
631 4357 689 4426 τοδς
697 4358 843 4439 Δράκοντος
849 4360 941 4437 νόμους
950 4362 1035 4418 ἀνεῖλε
1111 4371 1187 4419 llVll.
1204 4369 1311 4417 Primum
1320 4367 1391 4430 igitur
1403 4378 1487 4416 omnes
1501 4363 1698 4426 Draconisleges,
1710 4364 1859 4425 preteream

222 4474 249 4512 tt
262 4444 331 4516 πλὴν
342 4449 392 4502 τῶν
403 4448 512 4526 ρσνικῶν
524 4446 641 4514 ἅπαντας
653 4446 696 4505 διδι
709 4445 756 4517 τὴν
770 4448 938 4527 χαλεπότητα
948 4446 994 4506 καὶ
1006 4445 1037 4506 τδ
1049 4472 1067 4513 e
1080 4468 1135 4519 quae
1143 4454 1359 4515 eratdemedibus,
1369 4454 1500 4515 abrogavit,
1512 4456 1608 4516 propter
1616 4450 1728 4500 duritiem
1737 4452 1762 4499 et
1771 4448 1859 4509 magni·

263 4530 370 4611 μέγεθος
382 4536 433 4589 τῶν
447 4533 592 4610 ἐπιτιμίων.
619 4535 652 4613 (a)
666 4534 726 4595 tlt«
740 4532 791 4615 γὰρ
803 4535 889 4612 ὀλίγον
903 4537 955 4593 δεῖν
967 4535 1036 4593 ἄπα·
1081 4542 1186 4593 tudinem
1196 4541 1375 4604 suppliciorum.
1414 4540 1447 4602 (ν)
1459 4542 1519 4590 liam
1530 4537 1641 4588 omnibus
1652 4538 1700 4587 lere
1715 4536 1809 4585 delictis
1819 4548 1857 4583 ca·

263 4641 304 4676 σιν
319 4615 414 4698 ὥριστο
428 4620 480 4686 τοῖς
493 4620 673 4699 ἁμαρτάνουσι
688 4620 769 4698 ζημία
784 4621 898 4688 θσίνατσς·
910 4620 979 4680 ὥστε
991 4622 1036 4680 καὶ
1081 4630 1159 4693 pitalia
1166 4642 1235 4692 poena
1243 4630 1295 4678 erat
1303 4628 1446 4687 constituta,
1457 4628 1490 4677 ita
1500 4629 1525 4677 ul
1535 4630 1612 4676 morte
1620 4626 1692 4674 etiarn
1702 4624 1860 4673 multarentur

262 4703 322 4772 τούς
334 4705 424 4782 ἀργίας
435 4706 544 4772 ἁλόντας
558 4707 728 4780 ἀποθνήσκειν
738 4708 784 4767 καί
795 4708 853 4776 τούς
863 4708 967 4788 λσίχανα
977 4707 1037 4767 κλέ-
1081 4716 1122 4779 qui
1133 4716 1175 4766 otii
1186 4716 1293 4765 damnati
1305 4718 1398 4774 esseut,
1415 4718 1439 4764 et
1454 4714 1508 4763 olus
1525 4716 1567 4763 aut
1582 4725 1653 4775 poma
1670 4711 1741 4760 iurati
1755 4723 1801 4758 uon
1812 4708 1860 4757 alio

263 4790 504 4872 ψανταςῆθπώραν
514 4794 768 4869 ὁμοίωςκολσίζεσθαι
779 4798 830 4864 τοῖς
841 4795 981 4877 ἱεροσύλοις
992 4796 1037 4854 καὶ
1081 4816 1154 4866 quam
1165 4802 1270 4864 sacrilegi
1280 4806 1305 4853 et
1315 4800 1442 4851 homicidae
1451 4800 1567 4863 supplicio
1576 4800 1735 4849 allicerentur.
1768 4797 1858 4860 (lilto-

225 4912 252 4951 ω
265 4878 434 4961 ἀνδρορύνοις.
476 4883 508 4959 (a)
531 4880 579 4941 Διδ
592 4883 718 4961 Δημάδης
739 4883 844 4966 ύστερσν
868 4885 1037 4962 εὐδοκίμησεν
1082 4889 1198 4955 qneillud
1218 4889 1331 4939 liemadis
1348 4886 1654 4953 postealaudeminteuit,
1667 4888 1799 4935 Draconem
1811 4896 1860 4931 non

265 4966 355 5039 εἰπὼν,
370 4966 409 5026 δτι
424 4970 456 5025 δι’
469 4966 595 5046 αἵματος,
610 4973 639 5027 ού
653 4969 696 5029 διδι
707 4971 830 5048 μέλανος,
847 4969 905 5038 τοὺς
917 4970 1009 5049 νόμους
1025 4973 1040 5029 δ
1083 4982 1229 5039 atramento,
1238 4976 1280 5027 sed
1289 4977 1404 5038 sanguine
1416 4977 1478 5037 leges
1491 4988 1548 5024 suus
1555 4973 1678 5036 scripsisse
1687 4972 1796 5022 dicentis.
1807 4976 1860 5033 lpse

267 5052 508 5136 Δρσίκωνέγραψεν.
549 5056 634 5123 Αύτδς
646 5057 668 5115 δ’
682 5056 933 5139 ἓκεῖνος,δίςρασιν,
943 5058 1040 5138 ἐρωτύι·
1084 5070 1164 5116 autern
1180 5069 1256 5115 Draco
1271 5066 1429 5126 interrogalus
1446 5076 1489 5113 cnr
1507 5061 1626 5126 plerisque
1638 5060 1742 5123 peccatis
1759 5064 1859 5108 mortem

655 3839 714 3912 ἔτην
730 3838 875 3907 ἀπέδειξαν.
887 3842 916 3898 οὗ
928 3839 961 3899 τὰ
973 3840 1032 3919 μὴ’
1076 3889 1203 3951 legumque
1210 3887 1307 3938 latorem
1317 3888 1568 3951 declaraverunt,non
1577 3888 1622 3937 alia
1632 3888 1683 3949 ejus
1692 3887 1856 3951 permittentes
