4125 6109
367 353 386 425 Ι]
940 350 1125 405 MONITUM.

367 477 409 555 είς
424 480 479 551 τδν
497 476 582 545 πολιν
601 474 662 567 εὗρε
678 476 718 541 τοί
739 500 772 541 τε
785 474 872 540 κοινὰ
890 501 960 565 παρ.
983 474 1058 542 Lin.
1080 497 1122 543 10
1135 486 1188 543 τοῦ
1206 470 1248 542 δὲ
1267 477 1339 568 Αίγ.
1358 496 1425 566 pro
1442 476 1507 565 μὲν.
1523 474 1606 565 Cap.
1627 494 1684 551 2ο,

367 598 386 689 S
403 596 516 667 8ini1.
537 581 721 665 Ἑπελθίντα
738 618 804 689 pro
819 598 956 663 ἐπανελθ.
977 597 1062 692 Cap.
1088 620 1145 677 21,
1170 596 1192 664 Ι.
1220 594 1265 666 50
1286 598 1485 691 παραλλάξεις
1507 617 1572 688 pro
1591 620 1687 685 περιε-

365 712 457 795 λίξεις
490 720 574 810 Cap.
598 740 656 797 22,
676 712 699 783 l.
728 712 784 797 23,
806 719 961 806 ἐπιφωνεῖν
986 708 1021 781 δὲ
1040 719 1074 782 ἐν
1100 724 1166 793 ταῖς
1189 743 1253 795 στι,
1273 712 1395 783 addita
1419 712 1684 807 praeposilione.

366 837 450 927 Cap.
474 842 530 919 26,
548 833 570 902 Ι.
586 832 631 918 45
646 837 732 928 γέρας
753 833 904 925 ἀριστείας
930 855 995 925 pro
1013 834 1169 929 ἀριστεῖον.
1187 833 1274 933 Cap.
1292 856 1349 926 27,
1374 830 1397 899 Ι.
1413 830 1460 915 48
1479 841 1524 917 τῷ
1543 826 1578 897 δὲ
1596 825 1686 907 δεξιῶ

365 961 435 1049 πρὸς
450 980 515 1050 pro
533 960 569 1025 τὸ
590 951 625 1024 δὲ
641 950 736 1034 δεξιὸν
760 982 809 1047 πρ.
832 955 916 1049 Cap.
943 968 1090 1047 298111.
1111 939 1260 1023 Ἱκετίδων
1285 964 1351 1021 καὶ
1372 957 1401 1023 οἱ
1416 955 1570 1047 Αἰσχύλου
1590 934 1687 1020 Ἐλεο·

366 1082 462 1159 σίνιοι,
480 1084 508 1147 ἐν
529 1079 571 1156 οἷς
591 1091 697 1163 ταῦτα,
710 1076 926 1171 transposita
947 1076 1132 1171 particula.
1147 1080 1231 1173 Cap.
1249 1076 1308 1163 32,
1327 1076 1349 1145 Ι.
1366 1079 1413 1169 49
1428 1073 1508 1145 dele
1524 1079 1567 1143 οἱ.
1585 1078 1628 1143 Et
1645 1074 1683 1144 in

366 1198 450 1283 fine,
473 1199 495 1268 Ι.
522 1204 573 1284 14,
599 1204 648 1268 Οὐ
668 1207 725 1292 μὴν
743 1202 818 1277 εἰκὸς
833 1205 948 1267 αὐτοῦ
968 1202 1107 1285 Θησέως,
1127 1182 1252 1268 addito
1269 1198 1499 1293 pronomine.
1517 1199 1602 1291 Cap.
1627 1194 1684 1280 34,

366 1320 386 1389 Ι.
407 1320 489 1409 445
511 1321 584 1391 hoc
602 1320 742 1405 ordine,
762 1306 950 1415 Ἀλέξανδρον
974 1326 1026 1416 μὲν
1044 1326 1098 1390 τὸν
1115 1326 1212 1416 Πάριν
1229 1327 1258 1390 ἐν
1275 1322 1446 1411 Θεσσαλίᾳ.
1468 1322 1506 1389 C.
1522 1316 1582 1406 35,
1596 1318 1620 1391 Ι.
1637 1316 1683 1389 33

365 1455 425 1510 τῶν
447 1448 511 1536 μὲν
535 1424 702 1526 Ἀθηναίων,
718 1438 838 1511 addita
858 1439 1041 1535 particula.
1062 1445 1149 1510 Item
1163 1439 1295 1511 additis
1312 1440 1567 1536 praepositione
1576 1454 1611 1509 et
1632 1463 1685 1510 111-

366 1563 476 1634 111311Ιο
491 1587 570 1659 cap.
594 1562 651 1647 26,
674 1562 695 1631 Ι.
710 1567 754 1657 47
771 1569 800 1631 ἐν
823 1572 885 1643 τοῖς
903 1566 992 1657 περὶ
1009 1566 1132 1643 ἐκείνου,
1153 1578 1188 1632 et
1212 1562 1233 1630 Ι.
1249 1561 1293 1646 54
1314 1567 1356 1642 είς
1378 1567 1422 1631 τδ
1441 1562 1527 1631 ἅσπν.

413 1682 550 1754 Romuli
565 1708 642 1779 cap.
660 1710 693 1767 2,
709 1682 731 1751 l.
752 1681 799 1752 36
813 1688 927 1775 μαστὸν
942 1678 1114 1753 ἐνδιδοῦσιν
1131 1708 1197 1778 pro
1211 1679 1275 1751 διδ.
1289 1686 1374 1779 Cap.
1396 1682 1433 1769 6,
1461 1681 1482 1751 Ι.
1497 1686 1545 1777 49
1555 1680 1683 1752 ordine

364 1812 504 1876 inverso
526 1800 658 1884 διαίταις
672 1808 722 1873 καὶ
739 1802 1020 1904 διατριίαῗς.(.’σρ.
1038 1808 1070 1887 8,
1088 1807 1107 1897 §
1133 1809 1174 1890 14
1197 1804 1311 1891 initio,
1334 1782 1407 1898 Ιίριοι
1421 1801 1474 1891 δὲ,
1498 1801 1537 1880 δὴ
1557 1802 1682 1874 addito

363 1928 408 1999 δέ.
431 1932 516 2025 Cap.
540 1953 594 2015 12,
615 1930 634 2020 §
660 1951 714 2013 ιο,
735 1926 758 1997 l.
782 1932 827 2012 24
846 1926 926 1997 dele
946 1935 991 1996 οὐ.
1010 1926 1151 1997 Ibidem
1164 1941 1200 1996 et
1213 1924 1298 1997 alibi
1321 1931 1453 2020 Βάρρων.
1472 1928 1557 2021 Cap.
1582 1924 1673 2011 16,Ι.

365 2078 406 2119 22
434 2075 506 2145 seq.
520 2054 573 2119 καὶ
589 2061 633 2138 τῷ
647 2052 809 2145 πραχθέντι
828 2074 894 2145 pro
914 2080 943 2119 ιι.
963 2056 999 2119 τὸ
1016 2052 1160 2146 πραχθέν.
1178 2055 1262 2144 Cap.
1290 2074 1342 2145 17,
1361 2049 1385 2117 Ι.
1411 2075 1449 2118 21
1479 2056 1550 2126 τὴν
1570 2054 1682 2144 χώραν.

367 2176 407 2239 Et
428 2171 463 2240 in
479 2170 550 2240 fine
569 2174 679 2264 κόσμον
694 2172 794 2238 ἔθεντο
824 2174 944 2264 ρόνον,
974 2195 1041 2267 pro
1055 2174 1155 2266 ρθνου.
1175 2174 1267 2266 Εορ.’
1286 2170 1413 2241 186118
1435 2155 1578 2266 ‘Pffyetam
1596 2174 1680 2265 Cap.

364 2318 420 2379 2ο,
439 2294 458 2384 §
481 2318 537 2378 11,
562 2292 583 2360 Ι.
611 2292 659 2377 46
682 2302 720 2373 ὡς
743 2294 774 2359 ὅν
795 2322 827 2360 τι
846 2306 917 2373 τῶν,
941 2292 1060 2362 deleto
1081 2298 1122 2363 ίν.
1144 2297 1229 2390 Cap.
1252 2320 1311 2381 21,
1329 2293 1352 2362 Ι.
1371 2295 1416 2378 48
1439 2306 1491 2363 τοῦ
1509 2322 1543 2361 τε
1571 2289 1682 2387 δρόμου

364 2439 429 2509 pro
443 2418 524 2484 τότε.
537 2416 622 2510 Cap.
646 2439 702 2498 22,
716 2413 737 2482 l.
762 2437 802 2481 21
830 2413 971 2483 inverse
993 2412 1113 2490 θεοσείῆ
1130 2412 1340 2510 διαφερόντως,
1358 2416 1380 2485 Ι.
1397 2414 1437 2484 31
1457 2412 1593 2483 ἐκίαλεῖν
1614 2436 1693 2509 pro·

364 2532 573 2629 praesenti‚l.
590 2535 630 2616 41
652 2517 838 2601 Ᾰννιὸιακθν.
853 2534 937 2629 Cap.
955 2532 1050 2627 23,§
1067 2535 1134 2621 8,Ι.
1157 2534 1212 2622 15,
1229 2539 1258 2603 οί
1271 2531 1348 2615 δ’ὡς
1367 2539 1455 2604 θεῶν
1470 2541 1624 2630 χρώμενον
1638 2537 1681 2613 εἰς

361 2658 462 2723 πάντα
483 2654 608 2742 εὐνοίᾳ
631 2674 698 2746 pro
720 2654 775 2738 θεῷ
845 2657 966 2721 εὔνοιαν.
990 2656 1157 2749 (1117)..24,
1180 2653 1205 2724 Ι.
1230 2659 1275 2737 42
1302 2657 1479 2745 Φερεντίνης
1497 2661 1586 2732 ὕλης
1614 2648 1688 2748 ρνσ

361 2782 466 2855 πύλης.
484 2778 571 2871 Cap.
591 2772 647 2853 25,
675 2775 694 2865 §
720 2799 753 2860 2,
776 2774 797 2843 Ι.
819 2773 843 2843 6
866 2776 1005 2845 inverse
1029 2780 1116 2845 πόλιν
1138 2762 1283 2872 μεροίλην.
1301 2775 1356 2845 ΙΙ).
1378 2775 1400 2844 Ι.
1423 2782 1468 2858 24
1487 2780 1681 2872 ὑπερημίσεις

361 2898 597 2992 conjunctim.
615 2899 698 2992 Cap.
722 2894 778 2982 26,
793 2898 812 2988 §
828 2895 861 2980 5,
880 2895 903 2965 Ι.
925 2922 948 2991 9
966 2901 1107 2991 πρότερον
1133 2904 1278 2992 λιτώρεις,
1300 2883 1480 2972 Ἑλληνιστὶ
1498 2893 1533 2966 δὲ
1549 2907 1681 2991 λειτουρ-

359 3029 427 3120 γοὺς
444 3028 571 3101 ὄντας·
591 3026 695 3096 λήιτον
712 3020 768 3114 γὰρ
786 3023 823 3089 τὸ
842 3017 916 3114 δηρι.
937 3024 982 3090 ἔτι
1000 3034 1049 3090 νῦν
1064 3024 1129 3090 καὶ
1145 3000 1289 3102 Ἐλληνες
1307 3026 1359 3091 καὶ
1371 3032 1401 3093 λ.
1412 3025 1495 3118 Cap.
1513 3047 1573 3117 27,
1590 3022 1611 3090 Ι.
1636 3021 1677 3091 52

361 3148 453 3239 Αἰγὸς
478 3140 508 3239 [ἢ
528 3138 640 3237 ζορκδς]
660 3146 736 3220 ίλος.
760 3144 845 3237 Cap.
867 3142 928 3230 28,
948 3145 967 3235 s
992 3141 1046 3228 15,
1069 3143 1092 3211 Ι.
1122 3142 1163 3213 16
1183 3149 1221 3213 τδ
1243 3148 1301 3240 γοίρ
1316 3150 1381 3213 ἐστι
1404 3148 1490 3240 μόνον
1507 3152 1542 3214 ἐκ
1561 3148 1589 3213 θ.
1613 3170 1681 3242 pro

360 3270 447 3361 μόνον
467 3266 550 3333 ἐστὶν
569 3271 602 3332 ἐκ
621 3267 648 3332 θ.
666 3268 749 3359 Cap.
765 3288 822 3359 29,
838 3264 857 3355 S
871 3288 908 3357 9,
925 3264 948 3333 Ι.
965 3289 989 3359 9
1004 3266 1143 3335 inverse
1167 3272 1239 3360 πρὸς
1254 3266 1396 3348 Σαὸίνους
1418 3271 1567 3362 πρότερον.
1585 3266 1636 3335 ΙΙ).
1656 3267 1678 3334 Ι.

362 3389 406 3459 38
423 3390 559 3483 ἔρχεσθαι
574 3396 620 3466 ὡς
640 3390 689 3456 ἐπὶ
708 3390 837 3455 θυσίαν
852 3410 919 3483 pro
931 3392 993 3482 ίρχ.
1015 3393 1065 3457 ἐπὶ
1082 3392 1245 3458 θάλατταν.

409 3510 691 3605 Comparationis
707 3532 786 3605 cap.
813 3508 881 3595 2,Ι.
901 3534 944 3604 27
963 3516 1093 3592 πλεύσας
1110 3535 1176 3606 pro
1195 3520 1334 3580 πλεῦσαι.
1353 3516 1437 3606 Cap.
1453 3510 1486 3595 3,
1510 3511 1531 3579 Ι.
1549 3508 1594 3579 53
1615 3507 1681 3578 δια-

360 3636 464 3727 φθορὰς
478 3657 544 3727 pro
557 3628 710 3726 διαφοράς.
733 3632 816 3727 Cap.
831 3629 865 3718 6,
884 3632 903 3723 S
924 3630 959 3713 6,
974 3632 997 3700 Ι.
1014 3632 1060 3702 25
1073 3633 1153 3704 dele
1167 3640 1230 3710 τὴν.
